timestamp,buyer,seller,symbol,currency,price,quantity
0,SUBMISSION,Ruby,AMETHYSTS,SEASHELLS,9999,1
0,SUBMISSION,Ruby,AMETHYSTS,SEASHELLS,9999,1
0,Remy,SUBMISSION,STARFRUIT,SEASHELLS,5001,1
100,Ruby,SUBMISSION,STARFRUIT,SEASHELLS,5002,6
900,Rhianna,Valentina,STARFRUIT,SEASHELLS,5001,2
1000,,SUBMISSION,AMETHYSTS,SEASHELLS,10002,1
1000,SUBMISSION,Ruby,STARFRUIT,SEASHELLS,4998,2
1100,SUBMISSION,Remy,STARFRUIT,SEASHELLS,4999,1
1400,SUBMISSION,,AMETHYSTS,SEASHELLS,9998,3
1500,Remy,SUBMISSION,AMETHYSTS,SEASHELLS,10001,1
1500,Remy,SUBMISSION,STARFRUIT,SEASHELLS,5000,1
1800,Ruby,SUBMISSION,STARFRUIT,SEASHELLS,5000,7
1800,Ruby,Valentina,STARFRUIT,SEASHELLS,5001,3
1800,Ruby,Vladimir,STARFRUIT,SEASHELLS,5001,1
1800,Remy,Vladimir,STARFRUIT,SEASHELLS,5002,1
2000,Remy,SUBMISSION,STARFRUIT,SEASHELLS,5000,1
2100,Rhianna,Valentina,STARFRUIT,SEASHELLS,5001,4
2200,,SUBMISSION,AMETHYSTS,SEASHELLS,10002,1
2500,SUBMISSION,Ruby,STARFRUIT,SEASHELLS,4998,3
2500,Valentina,Remy,AMETHYSTS,SEASHELLS,9998,1
2500,Valentina,Ruby,STARFRUIT,SEASHELLS,4996,8
3000,,SUBMISSION,AMETHYSTS,SEASHELLS,10002,3
3200,SUBMISSION,Remy,AMETHYSTS,SEASHELLS,9999,1
3200,SUBMISSION,Remy,STARFRUIT,SEASHELLS,4998,1
3300,SUBMISSION,Remy,AMETHYSTS,SEASHELLS,9999,2
3300,SUBMISSION,Remy,STARFRUIT,SEASHELLS,4998,2
3600,Ruby,SUBMISSION,AMETHYSTS,SEASHELLS,10001,6
3900,Remy,SUBMISSION,STARFRUIT,SEASHELLS,5000,1
4000,SUBMISSION,Rhianna,AMETHYSTS,SEASHELLS,9999,1
4200,Ruby,SUBMISSION,AMETHYSTS,SEASHELLS,10001,2
4200,Ruby,SUBMISSION,AMETHYSTS,SEASHELLS,10001,1
4200,SUBMISSION,Remy,STARFRUIT,SEASHELLS,4999,1
4400,Ruby,SUBMISSION,STARFRUIT,SEASHELLS,5000,2
4500,SUBMISSION,Ruby,STARFRUIT,SEASHELLS,4998,5
4500,Valentina,Ruby,STARFRUIT,SEASHELLS,4997,3
4500,Vinnie,Ruby,STARFRUIT,SEASHELLS,4997,1
5000,SUBMISSION,,STARFRUIT,SEASHELLS,4998,3
5500,,SUBMISSION,STARFRUIT,SEASHELLS,5002,4
5800,SUBMISSION,Ruby,STARFRUIT,SEASHELLS,5001,7
6500,SUBMISSION,Rhianna,STARFRUIT,SEASHELLS,5001,5
6600,Valentina,Remy,STARFRUIT,SEASHELLS,4999,1
6700,SUBMISSION,Remy,AMETHYSTS,SEASHELLS,9999,2
6700,Valentina,Remy,STARFRUIT,SEASHELLS,4998,2
6700,Valentina,Rhianna,STARFRUIT,SEASHELLS,4999,4
7100,Valentina,Rhianna,STARFRUIT,SEASHELLS,4999,5
7200,Ruby,SUBMISSION,STARFRUIT,SEASHELLS,5002,4
7300,SUBMISSION,Remy,STARFRUIT,SEASHELLS,4999,1
7400,Remy,SUBMISSION,AMETHYSTS,SEASHELLS,10000,1
7400,,SUBMISSION,STARFRUIT,SEASHELLS,5003,1
7400,Remy,SUBMISSION,STARFRUIT,SEASHELLS,5003,1
7400,Remy,SUBMISSION,STARFRUIT,SEASHELLS,5003,1
7500,Remy,Valentina,AMETHYSTS,SEASHELLS,10002,1
7800,,SUBMISSION,STARFRUIT,SEASHELLS,5002,1
7800,Rhianna,SUBMISSION,STARFRUIT,SEASHELLS,5002,1
7800,Rhianna,SUBMISSION,STARFRUIT,SEASHELLS,5002,1
8500,SUBMISSION,,AMETHYSTS,SEASHELLS,9998,6
8600,Remy,SUBMISSION,AMETHYSTS,SEASHELLS,10000,1
8600,Remy,SUBMISSION,STARFRUIT,SEASHELLS,5001,1
8700,Remy,SUBMISSION,AMETHYSTS,SEASHELLS,10000,2
8700,Adam,Valentina,STARFRUIT,SEASHELLS,5002,9
8700,Remy,Valentina,STARFRUIT,SEASHELLS,5004,2
8800,Remy,Valentina,STARFRUIT,SEASHELLS,5003,1
8800,Remy,Valentina,AMETHYSTS,SEASHELLS,10002,1
9600,SUBMISSION,Ruby,AMETHYSTS,SEASHELLS,10000,3
10100,SUBMISSION,Remy,AMETHYSTS,SEASHELLS,10000,1
10200,SUBMISSION,Remy,AMETHYSTS,SEASHELLS,9999,1
10200,SUBMISSION,Remy,STARFRUIT,SEASHELLS,4997,1
11100,Remy,SUBMISSION,AMETHYSTS,SEASHELLS,10001,2
11100,Amelia,SUBMISSION,STARFRUIT,SEASHELLS,5002,9
11100,Amelia,Valentina,STARFRUIT,SEASHELLS,5005,3
11100,Remy,Valentina,STARFRUIT,SEASHELLS,5005,2
11300,SUBMISSION,Remy,STARFRUIT,SEASHELLS,5000,1
11400,SUBMISSION,Remy,STARFRUIT,SEASHELLS,4999,1
12000,SUBMISSION,,STARFRUIT,SEASHELLS,4999,2
12000,SUBMISSION,Rhianna,STARFRUIT,SEASHELLS,4999,2
12000,SUBMISSION,Rhianna,STARFRUIT,SEASHELLS,4999,2
13000,SUBMISSION,,AMETHYSTS,SEASHELLS,9998,1
13000,SUBMISSION,Remy,AMETHYSTS,SEASHELLS,9998,1
13000,Rhianna,Valentina,STARFRUIT,SEASHELLS,5001,2
13500,SUBMISSION,,STARFRUIT,SEASHELLS,4998,1
13500,SUBMISSION,Remy,STARFRUIT,SEASHELLS,4998,1
13600,SUBMISSION,Remy,AMETHYSTS,SEASHELLS,10000,1
13900,SUBMISSION,Remy,AMETHYSTS,SEASHELLS,9999,1
13900,SUBMISSION,Remy,AMETHYSTS,SEASHELLS,9999,1
13900,SUBMISSION,Remy,STARFRUIT,SEASHELLS,5000,2
14000,Ruby,SUBMISSION,AMETHYSTS,SEASHELLS,10001,7
14300,SUBMISSION,,STARFRUIT,SEASHELLS,4998,1
14300,SUBMISSION,Remy,STARFRUIT,SEASHELLS,4998,1
15000,SUBMISSION,Remy,STARFRUIT,SEASHELLS,5000,1
15100,Ruby,SUBMISSION,AMETHYSTS,SEASHELLS,10001,4
15400,Rhianna,SUBMISSION,AMETHYSTS,SEASHELLS,10000,5
16100,,SUBMISSION,STARFRUIT,SEASHELLS,5002,1
16400,Valentina,SUBMISSION,STARFRUIT,SEASHELLS,4998,6
17000,Ruby,SUBMISSION,STARFRUIT,SEASHELLS,5000,8
17000,Ruby,Valentina,STARFRUIT,SEASHELLS,5003,1
17200,SUBMISSION,,STARFRUIT,SEASHELLS,4997,9
17200,SUBMISSION,Remy,STARFRUIT,SEASHELLS,4997,1
17300,Remy,SUBMISSION,AMETHYSTS,SEASHELLS,10001,1
17400,Amelia,SUBMISSION,STARFRUIT,SEASHELLS,5000,9
17400,Amelia,Valentina,STARFRUIT,SEASHELLS,5003,1
18000,Ruby,SUBMISSION,STARFRUIT,SEASHELLS,5000,4
18100,SUBMISSION,Remy,STARFRUIT,SEASHELLS,4998,1
18200,SUBMISSION,Remy,AMETHYSTS,SEASHELLS,9999,1
18200,SUBMISSION,Ruby,STARFRUIT,SEASHELLS,4997,3
18200,Vladimir,Ruby,STARFRUIT,SEASHELLS,4996,5
18300,SUBMISSION,Remy,AMETHYSTS,SEASHELLS,9999,1
18300,Remy,SUBMISSION,AMETHYSTS,SEASHELLS,10001,2
18300,Remy,SUBMISSION,STARFRUIT,SEASHELLS,4999,2
18500,Ruby,SUBMISSION,AMETHYSTS,SEASHELLS,10001,4
18500,Ruby,Valentina,AMETHYSTS,SEASHELLS,10005,1
18600,SUBMISSION,Remy,STARFRUIT,SEASHELLS,4998,1
19200,SUBMISSION,Remy,STARFRUIT,SEASHELLS,4998,1
19400,SUBMISSION,Remy,STARFRUIT,SEASHELLS,4997,1
19500,Remy,Valentina,AMETHYSTS,SEASHELLS,10002,1
19600,Rhianna,Valentina,AMETHYSTS,SEASHELLS,10002,1
19900,Remy,Valentina,AMETHYSTS,SEASHELLS,10002,1
20200,Rhianna,Valentina,AMETHYSTS,SEASHELLS,10002,1
20300,Remy,Valentina,STARFRUIT,SEASHELLS,5002,1
20600,SUBMISSION,,AMETHYSTS,SEASHELLS,9998,1
20600,SUBMISSION,Remy,AMETHYSTS,SEASHELLS,9998,1
20600,SUBMISSION,Amelia,AMETHYSTS,SEASHELLS,9998,8
20600,SUBMISSION,Amelia,AMETHYSTS,SEASHELLS,9997,1
20900,SUBMISSION,,AMETHYSTS,SEASHELLS,9998,1
20900,SUBMISSION,Remy,AMETHYSTS,SEASHELLS,9998,1
20900,Remy,SUBMISSION,STARFRUIT,SEASHELLS,4999,1
21300,Remy,SUBMISSION,AMETHYSTS,SEASHELLS,10000,1
21300,Remy,SUBMISSION,STARFRUIT,SEASHELLS,4999,1
21400,Remy,SUBMISSION,STARFRUIT,SEASHELLS,4999,1
21800,Remy,SUBMISSION,STARFRUIT,SEASHELLS,5000,1
22300,SUBMISSION,Remy,STARFRUIT,SEASHELLS,4999,1
22600,SUBMISSION,,STARFRUIT,SEASHELLS,4998,2
22700,SUBMISSION,,AMETHYSTS,SEASHELLS,9998,1
22700,SUBMISSION,Rhianna,AMETHYSTS,SEASHELLS,9998,1
22800,,SUBMISSION,AMETHYSTS,SEASHELLS,10002,1
22900,SUBMISSION,,STARFRUIT,SEASHELLS,4998,2
22900,SUBMISSION,Rhianna,STARFRUIT,SEASHELLS,4998,2
23000,Adam,Rhianna,AMETHYSTS,SEASHELLS,9998,4
23100,SUBMISSION,,AMETHYSTS,SEASHELLS,9998,1
23100,Remy,SUBMISSION,STARFRUIT,SEASHELLS,4999,1
23300,SUBMISSION,Rhianna,AMETHYSTS,SEASHELLS,9999,2
23900,SUBMISSION,,AMETHYSTS,SEASHELLS,9998,3
23900,SUBMISSION,Rhianna,AMETHYSTS,SEASHELLS,9998,3
23900,SUBMISSION,Ruby,AMETHYSTS,SEASHELLS,9998,4
23900,SUBMISSION,Ruby,AMETHYSTS,SEASHELLS,9997,4
24000,Rhianna,Vladimir,STARFRUIT,SEASHELLS,5001,3
24200,SUBMISSION,Ruby,STARFRUIT,SEASHELLS,4998,5
24300,,SUBMISSION,AMETHYSTS,SEASHELLS,10002,1
24300,Remy,SUBMISSION,AMETHYSTS,SEASHELLS,10002,1
24500,Remy,Valentina,STARFRUIT,SEASHELLS,5002,1
24600,SUBMISSION,Ruby,AMETHYSTS,SEASHELLS,9999,2
24600,SUBMISSION,Ruby,AMETHYSTS,SEASHELLS,9999,1
24600,Vinnie,Ruby,AMETHYSTS,SEASHELLS,9996,1
24700,Ruby,SUBMISSION,STARFRUIT,SEASHELLS,5000,6
25100,,SUBMISSION,AMETHYSTS,SEASHELLS,10002,1
25100,Remy,SUBMISSION,AMETHYSTS,SEASHELLS,10002,1
25100,Remy,Valentina,STARFRUIT,SEASHELLS,5001,1
25400,SUBMISSION,Ruby,STARFRUIT,SEASHELLS,4997,6
25400,Valentina,Ruby,STARFRUIT,SEASHELLS,4995,1
25600,Remy,SUBMISSION,AMETHYSTS,SEASHELLS,10001,2
25600,Remy,SUBMISSION,STARFRUIT,SEASHELLS,4998,2
25700,,SUBMISSION,AMETHYSTS,SEASHELLS,10002,3
25700,Adam,SUBMISSION,AMETHYSTS,SEASHELLS,10002,3
25700,Adam,SUBMISSION,AMETHYSTS,SEASHELLS,10002,4
25700,Adam,SUBMISSION,AMETHYSTS,SEASHELLS,10002,4
26300,SUBMISSION,Remy,STARFRUIT,SEASHELLS,4996,1
26400,Amelia,SUBMISSION,AMETHYSTS,SEASHELLS,10001,9
26400,SUBMISSION,,STARFRUIT,SEASHELLS,4994,1
26400,SUBMISSION,Remy,STARFRUIT,SEASHELLS,4994,1
26700,Remy,SUBMISSION,STARFRUIT,SEASHELLS,4997,1
27000,SUBMISSION,,STARFRUIT,SEASHELLS,4993,4
27000,SUBMISSION,Rhianna,STARFRUIT,SEASHELLS,4993,4
27000,Remy,Valentina,AMETHYSTS,SEASHELLS,10002,1
27200,SUBMISSION,Remy,STARFRUIT,SEASHELLS,4993,1
27300,Ruby,SUBMISSION,STARFRUIT,SEASHELLS,4995,6
27300,Ruby,Valentina,STARFRUIT,SEASHELLS,4998,5
27700,SUBMISSION,,AMETHYSTS,SEASHELLS,9998,1
27700,SUBMISSION,Rhianna,AMETHYSTS,SEASHELLS,9998,3
27700,SUBMISSION,Rhianna,AMETHYSTS,SEASHELLS,9998,1
27900,Rhianna,Valentina,AMETHYSTS,SEASHELLS,10002,4
28000,Remy,SUBMISSION,AMETHYSTS,SEASHELLS,10001,1
28000,Remy,SUBMISSION,STARFRUIT,SEASHELLS,4996,1
28300,Valentina,SUBMISSION,AMETHYSTS,SEASHELLS,9998,2
28300,Remy,SUBMISSION,AMETHYSTS,SEASHELLS,9998,1
28300,Remy,SUBMISSION,STARFRUIT,SEASHELLS,4996,1
28600,Valentina,SUBMISSION,AMETHYSTS,SEASHELLS,9998,1
28800,,SUBMISSION,STARFRUIT,SEASHELLS,4995,1
29400,Remy,SUBMISSION,AMETHYSTS,SEASHELLS,10001,2
29400,Remy,SUBMISSION,STARFRUIT,SEASHELLS,4995,2
29500,SUBMISSION,,AMETHYSTS,SEASHELLS,9998,2
29500,SUBMISSION,Rhianna,AMETHYSTS,SEASHELLS,9998,3
29500,SUBMISSION,Rhianna,AMETHYSTS,SEASHELLS,9998,2
29900,Remy,SUBMISSION,STARFRUIT,SEASHELLS,4993,1
30300,Remy,Valentina,STARFRUIT,SEASHELLS,4996,1
30400,Ruby,SUBMISSION,AMETHYSTS,SEASHELLS,10001,1
30400,Ruby,SUBMISSION,AMETHYSTS,SEASHELLS,10001,6
30400,SUBMISSION,Remy,STARFRUIT,SEASHELLS,4993,1
30900,SUBMISSION,,STARFRUIT,SEASHELLS,4992,1
30900,SUBMISSION,Remy,STARFRUIT,SEASHELLS,4992,1
31000,SUBMISSION,,AMETHYSTS,SEASHELLS,9998,1
31000,SUBMISSION,Remy,AMETHYSTS,SEASHELLS,9998,1
31000,SUBMISSION,Remy,STARFRUIT,SEASHELLS,4993,1
31200,SUBMISSION,,STARFRUIT,SEASHELLS,4993,5
31200,SUBMISSION,Remy,STARFRUIT,SEASHELLS,4993,1
31300,Valentina,SUBMISSION,AMETHYSTS,SEASHELLS,9998,1
31300,,SUBMISSION,STARFRUIT,SEASHELLS,4997,1
31300,Remy,SUBMISSION,STARFRUIT,SEASHELLS,4997,1
31400,Ruby,SUBMISSION,STARFRUIT,SEASHELLS,4996,4
31600,Rhianna,Valentina,AMETHYSTS,SEASHELLS,10002,3
31700,,SUBMISSION,STARFRUIT,SEASHELLS,4996,1
31800,Remy,Valentina,AMETHYSTS,SEASHELLS,10002,1
32000,SUBMISSION,,STARFRUIT,SEASHELLS,4992,1
32100,Rhianna,SUBMISSION,AMETHYSTS,SEASHELLS,10000,4
32100,SUBMISSION,Remy,STARFRUIT,SEASHELLS,4992,1
32500,Remy,Valentina,AMETHYSTS,SEASHELLS,10002,1
32700,,SUBMISSION,STARFRUIT,SEASHELLS,4996,1
32700,Remy,SUBMISSION,STARFRUIT,SEASHELLS,4996,1
32800,SUBMISSION,Remy,AMETHYSTS,SEASHELLS,9997,2
32800,SUBMISSION,Remy,STARFRUIT,SEASHELLS,4991,2
32800,SUBMISSION,Amelia,STARFRUIT,SEASHELLS,4991,2
32800,Vinnie,Ruby,AMETHYSTS,SEASHELLS,9996,2
33200,SUBMISSION,Remy,STARFRUIT,SEASHELLS,4992,1
33300,Remy,Adam,STARFRUIT,SEASHELLS,4995,1
33300,Valentina,Adam,STARFRUIT,SEASHELLS,4991,8
33500,Rhianna,SUBMISSION,AMETHYSTS,SEASHELLS,10000,3
33900,,SUBMISSION,STARFRUIT,SEASHELLS,4995,1
33900,Remy,SUBMISSION,STARFRUIT,SEASHELLS,4995,1
34000,SUBMISSION,Remy,AMETHYSTS,SEASHELLS,9999,1
34000,,SUBMISSION,STARFRUIT,SEASHELLS,4995,1
34000,Remy,SUBMISSION,STARFRUIT,SEASHELLS,4995,1
34100,Rhianna,Valentina,AMETHYSTS,SEASHELLS,10002,1
34900,SUBMISSION,,STARFRUIT,SEASHELLS,4992,1
35000,SUBMISSION,,STARFRUIT,SEASHELLS,4993,4
35000,SUBMISSION,Rhianna,STARFRUIT,SEASHELLS,4993,4
35300,SUBMISSION,Remy,STARFRUIT,SEASHELLS,4994,1
35600,Remy,Valentina,AMETHYSTS,SEASHELLS,10002,1
35800,SUBMISSION,Remy,STARFRUIT,SEASHELLS,4995,1
36200,Valentina,Rhianna,STARFRUIT,SEASHELLS,4994,3
36300,Remy,SUBMISSION,AMETHYSTS,SEASHELLS,10001,1
36300,Remy,SUBMISSION,STARFRUIT,SEASHELLS,4996,1
36500,Ruby,SUBMISSION,AMETHYSTS,SEASHELLS,10001,1
36500,Ruby,Valentina,AMETHYSTS,SEASHELLS,10005,3
36800,SUBMISSION,Remy,STARFRUIT,SEASHELLS,4996,1
37200,Amelia,SUBMISSION,STARFRUIT,SEASHELLS,4995,5
37200,Amelia,Valentina,STARFRUIT,SEASHELLS,4998,5
37400,Remy,Valentina,AMETHYSTS,SEASHELLS,10002,1
37600,SUBMISSION,,AMETHYSTS,SEASHELLS,9998,1
37900,SUBMISSION,Ruby,AMETHYSTS,SEASHELLS,9999,1
37900,Valentina,Ruby,AMETHYSTS,SEASHELLS,9995,3
38000,SUBMISSION,Amelia,STARFRUIT,SEASHELLS,4993,7
38000,Valentina,Amelia,STARFRUIT,SEASHELLS,4991,4
38400,Ruby,SUBMISSION,AMETHYSTS,SEASHELLS,10001,2
38500,Remy,SUBMISSION,STARFRUIT,SEASHELLS,4994,1
38500,Adam,Valentina,AMETHYSTS,SEASHELLS,10002,6
38800,SUBMISSION,Rhianna,STARFRUIT,SEASHELLS,4994,4
38800,Vinnie,Rhianna,STARFRUIT,SEASHELLS,4993,1
38900,SUBMISSION,Remy,AMETHYSTS,SEASHELLS,9998,1
38900,Valentina,Remy,STARFRUIT,SEASHELLS,4991,2
38900,Valentina,Remy,AMETHYSTS,SEASHELLS,9995,1
39100,Ruby,SUBMISSION,AMETHYSTS,SEASHELLS,10000,1
39100,Ruby,Vladimir,AMETHYSTS,SEASHELLS,10002,4
39300,SUBMISSION,Remy,AMETHYSTS,SEASHELLS,9999,1
39300,SUBMISSION,Remy,STARFRUIT,SEASHELLS,4994,1
39400,SUBMISSION,Remy,STARFRUIT,SEASHELLS,4995,1
39500,,SUBMISSION,STARFRUIT,SEASHELLS,4998,1
39500,Remy,SUBMISSION,STARFRUIT,SEASHELLS,4998,1
39800,SUBMISSION,,AMETHYSTS,SEASHELLS,9998,10
39800,Valentina,Rhianna,STARFRUIT,SEASHELLS,4993,4
40100,SUBMISSION,Amelia,STARFRUIT,SEASHELLS,4993,1
40200,,SUBMISSION,STARFRUIT,SEASHELLS,4997,5
40200,Rhianna,SUBMISSION,STARFRUIT,SEASHELLS,4997,5
40300,Valentina,Rhianna,STARFRUIT,SEASHELLS,4994,2
40600,SUBMISSION,Remy,STARFRUIT,SEASHELLS,4994,1
40700,Rhianna,Valentina,STARFRUIT,SEASHELLS,4996,3
40900,Valentina,Rhianna,STARFRUIT,SEASHELLS,4992,3
41000,,SUBMISSION,STARFRUIT,SEASHELLS,4996,2
41100,,SUBMISSION,STARFRUIT,SEASHELLS,4995,9
41100,Adam,SUBMISSION,STARFRUIT,SEASHELLS,4995,1
41100,SUBMISSION,Remy,STARFRUIT,SEASHELLS,4993,1
41100,Adam,SUBMISSION,STARFRUIT,SEASHELLS,4995,7
41100,Adam,Valentina,STARFRUIT,SEASHELLS,4995,1
41500,Remy,SUBMISSION,AMETHYSTS,SEASHELLS,9999,1
41500,Ruby,SUBMISSION,AMETHYSTS,SEASHELLS,9999,2
41600,SUBMISSION,Remy,AMETHYSTS,SEASHELLS,9999,1
41600,SUBMISSION,Remy,STARFRUIT,SEASHELLS,4992,1
42800,SUBMISSION,,AMETHYSTS,SEASHELLS,9998,10
42900,Remy,SUBMISSION,AMETHYSTS,SEASHELLS,10000,1
42900,Remy,SUBMISSION,STARFRUIT,SEASHELLS,4992,1
43100,Remy,SUBMISSION,AMETHYSTS,SEASHELLS,10001,2
43100,SUBMISSION,Amelia,STARFRUIT,SEASHELLS,4991,4
43100,Remy,SUBMISSION,STARFRUIT,SEASHELLS,4993,2
43100,Valentina,Amelia,STARFRUIT,SEASHELLS,4989,10
43400,Remy,Valentina,AMETHYSTS,SEASHELLS,10002,1
43500,SUBMISSION,Remy,STARFRUIT,SEASHELLS,4992,1
43700,SUBMISSION,Remy,AMETHYSTS,SEASHELLS,9999,1
43800,,SUBMISSION,AMETHYSTS,SEASHELLS,10002,1
43900,Remy,SUBMISSION,AMETHYSTS,SEASHELLS,10001,2
43900,SUBMISSION,Remy,STARFRUIT,SEASHELLS,4992,1
43900,Remy,SUBMISSION,STARFRUIT,SEASHELLS,4994,2
44000,SUBMISSION,,AMETHYSTS,SEASHELLS,9998,1
44000,SUBMISSION,Remy,AMETHYSTS,SEASHELLS,9998,1
44700,Remy,Valentina,STARFRUIT,SEASHELLS,4995,1
44800,SUBMISSION,Amelia,AMETHYSTS,SEASHELLS,9999,1
45000,,SUBMISSION,AMETHYSTS,SEASHELLS,10002,2
45000,SUBMISSION,,STARFRUIT,SEASHELLS,4989,1
45100,SUBMISSION,Remy,AMETHYSTS,SEASHELLS,9999,1
45100,SUBMISSION,Remy,STARFRUIT,SEASHELLS,4990,1
45800,SUBMISSION,Amelia,AMETHYSTS,SEASHELLS,9999,1
45800,SUBMISSION,Amelia,AMETHYSTS,SEASHELLS,9999,8
45800,Valentina,Amelia,AMETHYSTS,SEASHELLS,9996,2
46200,SUBMISSION,Remy,AMETHYSTS,SEASHELLS,10001,1
46300,SUBMISSION,Remy,AMETHYSTS,SEASHELLS,9998,1
46300,SUBMISSION,Remy,STARFRUIT,SEASHELLS,4988,1
46800,SUBMISSION,Remy,AMETHYSTS,SEASHELLS,9997,1
46800,SUBMISSION,Remy,STARFRUIT,SEASHELLS,4987,1
46800,SUBMISSION,Remy,STARFRUIT,SEASHELLS,4987,2
47200,Remy,Valentina,STARFRUIT,SEASHELLS,4992,1
47300,SUBMISSION,Ruby,STARFRUIT,SEASHELLS,4989,2
47400,SUBMISSION,,STARFRUIT,SEASHELLS,4988,1
47500,,SUBMISSION,STARFRUIT,SEASHELLS,4993,1
47600,,SUBMISSION,STARFRUIT,SEASHELLS,4992,8
47700,SUBMISSION,Remy,STARFRUIT,SEASHELLS,4989,1
48300,SUBMISSION,Remy,AMETHYSTS,SEASHELLS,9999,1
48300,SUBMISSION,Remy,STARFRUIT,SEASHELLS,4990,1
48600,Remy,SUBMISSION,AMETHYSTS,SEASHELLS,10001,1
48600,SUBMISSION,Remy,STARFRUIT,SEASHELLS,4990,1
48600,Remy,SUBMISSION,STARFRUIT,SEASHELLS,4992,1
48700,SUBMISSION,,STARFRUIT,SEASHELLS,4989,1
48900,SUBMISSION,Remy,STARFRUIT,SEASHELLS,4990,1
49300,Remy,SUBMISSION,AMETHYSTS,SEASHELLS,10001,1
49300,Remy,SUBMISSION,STARFRUIT,SEASHELLS,4991,1
49400,,SUBMISSION,AMETHYSTS,SEASHELLS,10002,1
49400,SUBMISSION,,STARFRUIT,SEASHELLS,4988,1
49700,SUBMISSION,Remy,AMETHYSTS,SEASHELLS,9999,2
49700,SUBMISSION,Remy,STARFRUIT,SEASHELLS,4989,2
49900,SUBMISSION,Remy,STARFRUIT,SEASHELLS,4988,1
50000,SUBMISSION,Ruby,STARFRUIT,SEASHELLS,4987,5
50200,SUBMISSION,Remy,AMETHYSTS,SEASHELLS,9999,1
50200,SUBMISSION,Remy,STARFRUIT,SEASHELLS,4987,1
50300,SUBMISSION,Remy,STARFRUIT,SEASHELLS,4988,1
50400,SUBMISSION,Remy,AMETHYSTS,SEASHELLS,9999,2
50400,SUBMISSION,Remy,STARFRUIT,SEASHELLS,4987,2
50900,SUBMISSION,Ruby,AMETHYSTS,SEASHELLS,9998,2
51000,Valentina,SUBMISSION,AMETHYSTS,SEASHELLS,9998,1
51000,SUBMISSION,Remy,STARFRUIT,SEASHELLS,4988,1
51300,,SUBMISSION,STARFRUIT,SEASHELLS,4990,1
51300,Remy,SUBMISSION,STARFRUIT,SEASHELLS,4990,1
51600,Remy,SUBMISSION,AMETHYSTS,SEASHELLS,10000,1
51600,Remy,SUBMISSION,STARFRUIT,SEASHELLS,4989,1
51900,,SUBMISSION,AMETHYSTS,SEASHELLS,10002,10
51900,Adam,SUBMISSION,AMETHYSTS,SEASHELLS,10002,2
52000,SUBMISSION,,AMETHYSTS,SEASHELLS,9998,2
52000,SUBMISSION,Rhianna,AMETHYSTS,SEASHELLS,9998,2
52100,,SUBMISSION,STARFRUIT,SEASHELLS,4990,2
52200,SUBMISSION,Remy,STARFRUIT,SEASHELLS,4987,1
52300,SUBMISSION,Remy,STARFRUIT,SEASHELLS,4988,1
52700,,SUBMISSION,AMETHYSTS,SEASHELLS,10002,3
52700,Rhianna,SUBMISSION,AMETHYSTS,SEASHELLS,10002,3
53000,SUBMISSION,Remy,AMETHYSTS,SEASHELLS,9999,1
53200,,SUBMISSION,AMETHYSTS,SEASHELLS,10002,1
53200,Remy,SUBMISSION,AMETHYSTS,SEASHELLS,10002,1
53300,Valentina,SUBMISSION,AMETHYSTS,SEASHELLS,9998,2
53500,,SUBMISSION,STARFRUIT,SEASHELLS,4990,1
53600,SUBMISSION,Remy,AMETHYSTS,SEASHELLS,9999,1
53600,SUBMISSION,Remy,STARFRUIT,SEASHELLS,4987,1
53700,Remy,SUBMISSION,AMETHYSTS,SEASHELLS,10001,2
53700,Remy,SUBMISSION,STARFRUIT,SEASHELLS,4989,2
53900,Remy,SUBMISSION,AMETHYSTS,SEASHELLS,10000,1
54200,SUBMISSION,,AMETHYSTS,SEASHELLS,9998,1
54300,SUBMISSION,,AMETHYSTS,SEASHELLS,9998,1
54300,SUBMISSION,Remy,AMETHYSTS,SEASHELLS,9998,1
54300,SUBMISSION,Ruby,STARFRUIT,SEASHELLS,4988,8
54300,Valentina,Ruby,STARFRUIT,SEASHELLS,4986,3
54500,SUBMISSION,,AMETHYSTS,SEASHELLS,9998,1
54600,SUBMISSION,Ruby,AMETHYSTS,SEASHELLS,9999,1
54600,SUBMISSION,Ruby,AMETHYSTS,SEASHELLS,9999,5
54600,Valentina,Remy,STARFRUIT,SEASHELLS,4986,1
54700,,SUBMISSION,STARFRUIT,SEASHELLS,4990,1
54700,Remy,SUBMISSION,STARFRUIT,SEASHELLS,4990,1
54900,Rhianna,SUBMISSION,AMETHYSTS,SEASHELLS,10000,3
55200,Remy,SUBMISSION,STARFRUIT,SEASHELLS,4988,1
56100,Remy,SUBMISSION,AMETHYSTS,SEASHELLS,10001,1
56100,Amelia,SUBMISSION,STARFRUIT,SEASHELLS,4987,6
56100,Amelia,Valentina,STARFRUIT,SEASHELLS,4990,8
56100,Remy,Valentina,STARFRUIT,SEASHELLS,4990,1
56300,SUBMISSION,Remy,STARFRUIT,SEASHELLS,4984,1
56500,SUBMISSION,Remy,AMETHYSTS,SEASHELLS,9999,1
56500,SUBMISSION,Remy,STARFRUIT,SEASHELLS,4984,1
56700,,SUBMISSION,AMETHYSTS,SEASHELLS,10002,1
56700,Remy,SUBMISSION,AMETHYSTS,SEASHELLS,10002,1
57000,Remy,SUBMISSION,AMETHYSTS,SEASHELLS,10001,1
57000,Remy,SUBMISSION,STARFRUIT,SEASHELLS,4987,1
57100,Remy,Valentina,AMETHYSTS,SEASHELLS,10002,1
57100,Valentina,Rhianna,STARFRUIT,SEASHELLS,4985,3
57200,Valentina,Rhianna,STARFRUIT,SEASHELLS,4985,4
57200,Remy,Valentina,AMETHYSTS,SEASHELLS,10002,1
57300,Remy,Valentina,AMETHYSTS,SEASHELLS,10002,1
57400,,SUBMISSION,STARFRUIT,SEASHELLS,4990,1
57400,Remy,SUBMISSION,STARFRUIT,SEASHELLS,4990,1
57700,SUBMISSION,Remy,STARFRUIT,SEASHELLS,4987,2
57700,Rhianna,Remy,AMETHYSTS,SEASHELLS,10002,2
57800,SUBMISSION,Remy,STARFRUIT,SEASHELLS,4986,1
58000,,SUBMISSION,STARFRUIT,SEASHELLS,4989,1
58300,Remy,SUBMISSION,STARFRUIT,SEASHELLS,4987,1
58400,SUBMISSION,Ruby,AMETHYSTS,SEASHELLS,9999,1
58600,Valentina,SUBMISSION,AMETHYSTS,SEASHELLS,9998,1
58800,SUBMISSION,Ruby,STARFRUIT,SEASHELLS,4984,5
58800,SUBMISSION,Remy,STARFRUIT,SEASHELLS,4984,1
59000,Ruby,SUBMISSION,STARFRUIT,SEASHELLS,4988,6
59000,Ruby,Valentina,STARFRUIT,SEASHELLS,4991,4
59300,SUBMISSION,,AMETHYSTS,SEASHELLS,9998,1
59400,,SUBMISSION,AMETHYSTS,SEASHELLS,10002,1
59500,Ruby,SUBMISSION,AMETHYSTS,SEASHELLS,10001,4
59700,Adam,Vladimir,AMETHYSTS,SEASHELLS,10002,6
59800,Valentina,SUBMISSION,STARFRUIT,SEASHELLS,4985,5
59900,SUBMISSION,Remy,STARFRUIT,SEASHELLS,4985,1
60000,Remy,Valentina,STARFRUIT,SEASHELLS,4987,1
60100,SUBMISSION,,AMETHYSTS,SEASHELLS,9998,1
60200,SUBMISSION,Remy,AMETHYSTS,SEASHELLS,9999,1
60200,SUBMISSION,Remy,AMETHYSTS,SEASHELLS,9999,1
60200,SUBMISSION,Remy,STARFRUIT,SEASHELLS,4984,1
60200,SUBMISSION,Remy,STARFRUIT,SEASHELLS,4984,1
60300,SUBMISSION,Amelia,AMETHYSTS,SEASHELLS,9999,6
60300,SUBMISSION,Amelia,AMETHYSTS,SEASHELLS,9999,2
60400,SUBMISSION,Rhianna,AMETHYSTS,SEASHELLS,9999,1
60500,SUBMISSION,,STARFRUIT,SEASHELLS,4985,3
60500,SUBMISSION,Rhianna,STARFRUIT,SEASHELLS,4985,3
60500,Valentina,Remy,AMETHYSTS,SEASHELLS,9998,1
60600,Valentina,Remy,STARFRUIT,SEASHELLS,4984,1
61100,,SUBMISSION,AMETHYSTS,SEASHELLS,10002,1
61100,Remy,SUBMISSION,AMETHYSTS,SEASHELLS,10002,1
61100,Remy,SUBMISSION,AMETHYSTS,SEASHELLS,10002,2
61100,Remy,SUBMISSION,STARFRUIT,SEASHELLS,4988,2
61100,Rhianna,Valentina,STARFRUIT,SEASHELLS,4987,5
61300,Remy,SUBMISSION,STARFRUIT,SEASHELLS,4986,1
61400,,SUBMISSION,AMETHYSTS,SEASHELLS,10002,5
61800,,SUBMISSION,STARFRUIT,SEASHELLS,4986,5
62300,Remy,SUBMISSION,AMETHYSTS,SEASHELLS,10001,1
62300,Remy,SUBMISSION,STARFRUIT,SEASHELLS,4986,1
62600,SUBMISSION,Remy,STARFRUIT,SEASHELLS,4986,1
62900,Ruby,SUBMISSION,STARFRUIT,SEASHELLS,4987,6
62900,Ruby,SUBMISSION,STARFRUIT,SEASHELLS,4987,1
63000,SUBMISSION,,STARFRUIT,SEASHELLS,4984,9
63000,SUBMISSION,Adam,STARFRUIT,SEASHELLS,4984,1
63000,Valentina,SUBMISSION,STARFRUIT,SEASHELLS,4985,5
63000,Valentina,Vinnie,STARFRUIT,SEASHELLS,4986,1
63000,Valentina,Adam,STARFRUIT,SEASHELLS,4984,9
63200,SUBMISSION,Remy,AMETHYSTS,SEASHELLS,9999,1
63200,SUBMISSION,Remy,STARFRUIT,SEASHELLS,4985,1
63300,SUBMISSION,,AMETHYSTS,SEASHELLS,9998,1
63300,SUBMISSION,Remy,AMETHYSTS,SEASHELLS,9998,1
63300,Remy,SUBMISSION,STARFRUIT,SEASHELLS,4988,2
63500,SUBMISSION,,AMETHYSTS,SEASHELLS,9998,6
63500,SUBMISSION,Adam,AMETHYSTS,SEASHELLS,9998,4
63500,Valentina,Adam,AMETHYSTS,SEASHELLS,9998,2
63700,Vinnie,Ruby,AMETHYSTS,SEASHELLS,9996,1
63800,SUBMISSION,Ruby,STARFRUIT,SEASHELLS,4984,1
64200,SUBMISSION,Remy,AMETHYSTS,SEASHELLS,9999,2
64200,SUBMISSION,Remy,STARFRUIT,SEASHELLS,4984,2
64500,Remy,SUBMISSION,AMETHYSTS,SEASHELLS,10001,2
64500,Remy,SUBMISSION,AMETHYSTS,SEASHELLS,10001,1
64500,Remy,SUBMISSION,STARFRUIT,SEASHELLS,4986,2
64600,,SUBMISSION,AMETHYSTS,SEASHELLS,10002,1
64600,Remy,SUBMISSION,STARFRUIT,SEASHELLS,4986,1
64800,,SUBMISSION,AMETHYSTS,SEASHELLS,10002,1
64900,Ruby,SUBMISSION,AMETHYSTS,SEASHELLS,10003,2
65300,SUBMISSION,Remy,AMETHYSTS,SEASHELLS,10000,1
65300,SUBMISSION,Ruby,AMETHYSTS,SEASHELLS,10000,2
65400,,SUBMISSION,AMETHYSTS,SEASHELLS,10002,1
65400,SUBMISSION,Remy,STARFRUIT,SEASHELLS,4985,1
65500,Valentina,Remy,AMETHYSTS,SEASHELLS,9998,1
65600,SUBMISSION,Remy,AMETHYSTS,SEASHELLS,9999,1
65600,SUBMISSION,Remy,STARFRUIT,SEASHELLS,4984,1
65800,SUBMISSION,Remy,AMETHYSTS,SEASHELLS,9999,1
65800,SUBMISSION,Remy,STARFRUIT,SEASHELLS,4984,1
65900,Valentina,Remy,AMETHYSTS,SEASHELLS,9998,1
66000,SUBMISSION,Remy,AMETHYSTS,SEASHELLS,9999,1
66200,SUBMISSION,,STARFRUIT,SEASHELLS,4983,8
66200,SUBMISSION,Adam,STARFRUIT,SEASHELLS,4983,2
66200,SUBMISSION,Adam,STARFRUIT,SEASHELLS,4983,6
66700,Valentina,Rhianna,AMETHYSTS,SEASHELLS,9998,2
67000,SUBMISSION,Remy,STARFRUIT,SEASHELLS,4986,1
67200,,SUBMISSION,STARFRUIT,SEASHELLS,4989,1
67200,Remy,SUBMISSION,STARFRUIT,SEASHELLS,4989,1
67400,SUBMISSION,Remy,AMETHYSTS,SEASHELLS,9999,1
67400,SUBMISSION,Remy,STARFRUIT,SEASHELLS,4985,2
67700,,SUBMISSION,STARFRUIT,SEASHELLS,4988,4
67700,Rhianna,SUBMISSION,STARFRUIT,SEASHELLS,4988,4
67900,SUBMISSION,Remy,AMETHYSTS,SEASHELLS,9999,2
67900,SUBMISSION,Remy,STARFRUIT,SEASHELLS,4985,2
68000,,SUBMISSION,AMETHYSTS,SEASHELLS,10002,5
68000,Rhianna,SUBMISSION,AMETHYSTS,SEASHELLS,10002,5
68000,Ruby,SUBMISSION,AMETHYSTS,SEASHELLS,10002,3
68000,SUBMISSION,Remy,STARFRUIT,SEASHELLS,4986,1
68100,Rhianna,SUBMISSION,AMETHYSTS,SEASHELLS,10000,1
68200,,SUBMISSION,STARFRUIT,SEASHELLS,4989,1
68200,Remy,SUBMISSION,STARFRUIT,SEASHELLS,4989,1
68500,Remy,Valentina,AMETHYSTS,SEASHELLS,10002,1
68600,Remy,Rhianna,STARFRUIT,SEASHELLS,4985,1
68900,,SUBMISSION,STARFRUIT,SEASHELLS,4990,1
68900,Remy,SUBMISSION,STARFRUIT,SEASHELLS,4990,1
68900,Rhianna,Valentina,AMETHYSTS,SEASHELLS,10002,1
69000,SUBMISSION,Amelia,STARFRUIT,SEASHELLS,4986,7
69000,Valentina,Amelia,STARFRUIT,SEASHELLS,4984,2
69300,Remy,SUBMISSION,AMETHYSTS,SEASHELLS,10001,2
69300,,SUBMISSION,STARFRUIT,SEASHELLS,4990,8
69300,Remy,SUBMISSION,STARFRUIT,SEASHELLS,4990,2
69400,,SUBMISSION,STARFRUIT,SEASHELLS,4991,1
69400,Remy,SUBMISSION,STARFRUIT,SEASHELLS,4991,1
69600,SUBMISSION,Amelia,STARFRUIT,SEASHELLS,4987,1
69600,SUBMISSION,Amelia,STARFRUIT,SEASHELLS,4987,8
69800,,SUBMISSION,STARFRUIT,SEASHELLS,4990,1
70400,Vinnie,Adam,STARFRUIT,SEASHELLS,4985,1
70400,Valentina,Adam,STARFRUIT,SEASHELLS,4985,7
70400,Vinnie,Remy,STARFRUIT,SEASHELLS,4985,1
71000,SUBMISSION,,AMETHYSTS,SEASHELLS,9998,1
71400,SUBMISSION,Remy,STARFRUIT,SEASHELLS,4986,1
71600,SUBMISSION,Amelia,AMETHYSTS,SEASHELLS,9999,8
71600,Valentina,Amelia,AMETHYSTS,SEASHELLS,9995,2
71800,,SUBMISSION,STARFRUIT,SEASHELLS,4989,1
72000,,SUBMISSION,AMETHYSTS,SEASHELLS,10002,2
72100,,SUBMISSION,STARFRUIT,SEASHELLS,4988,9
72100,Adam,SUBMISSION,STARFRUIT,SEASHELLS,4988,1
72100,Adam,Valentina,STARFRUIT,SEASHELLS,4988,8
72600,Remy,SUBMISSION,STARFRUIT,SEASHELLS,4988,1
73900,SUBMISSION,Remy,STARFRUIT,SEASHELLS,4984,1
74100,,SUBMISSION,AMETHYSTS,SEASHELLS,10002,1
74100,Remy,SUBMISSION,AMETHYSTS,SEASHELLS,10002,1
74200,,SUBMISSION,STARFRUIT,SEASHELLS,4986,1
74400,Remy,SUBMISSION,AMETHYSTS,SEASHELLS,10002,1
74400,Remy,SUBMISSION,STARFRUIT,SEASHELLS,4986,1
74900,,SUBMISSION,AMETHYSTS,SEASHELLS,10002,1
74900,Remy,SUBMISSION,AMETHYSTS,SEASHELLS,10002,1
75000,SUBMISSION,Amelia,STARFRUIT,SEASHELLS,4983,8
75000,Valentina,Amelia,STARFRUIT,SEASHELLS,4981,1
75000,Valentina,Ruby,STARFRUIT,SEASHELLS,4981,10
75200,SUBMISSION,Remy,AMETHYSTS,SEASHELLS,9999,1
75200,SUBMISSION,Remy,STARFRUIT,SEASHELLS,4984,1
75500,SUBMISSION,Remy,STARFRUIT,SEASHELLS,4984,1
75700,,SUBMISSION,AMETHYSTS,SEASHELLS,10002,3
76400,Remy,SUBMISSION,AMETHYSTS,SEASHELLS,9999,1
76400,SUBMISSION,Remy,STARFRUIT,SEASHELLS,4985,1
76400,Amelia,SUBMISSION,STARFRUIT,SEASHELLS,4987,3
77400,Valentina,SUBMISSION,STARFRUIT,SEASHELLS,4987,6
77700,SUBMISSION,Rhianna,AMETHYSTS,SEASHELLS,9999,5
77800,SUBMISSION,,STARFRUIT,SEASHELLS,4985,4
77800,SUBMISSION,Rhianna,STARFRUIT,SEASHELLS,4985,4
77800,SUBMISSION,Rhianna,STARFRUIT,SEASHELLS,4985,1
78000,,SUBMISSION,AMETHYSTS,SEASHELLS,10002,2
78000,Rhianna,SUBMISSION,AMETHYSTS,SEASHELLS,10002,2
78100,,SUBMISSION,STARFRUIT,SEASHELLS,4989,1
78100,Remy,SUBMISSION,STARFRUIT,SEASHELLS,4989,1
78200,SUBMISSION,,AMETHYSTS,SEASHELLS,9998,1
78300,SUBMISSION,Remy,AMETHYSTS,SEASHELLS,9999,2
78300,SUBMISSION,Remy,STARFRUIT,SEASHELLS,4986,2
78500,,SUBMISSION,AMETHYSTS,SEASHELLS,10002,2
78800,SUBMISSION,Remy,STARFRUIT,SEASHELLS,4985,1
79000,Remy,SUBMISSION,AMETHYSTS,SEASHELLS,10001,2
79000,Amelia,SUBMISSION,AMETHYSTS,SEASHELLS,10001,1
79000,Remy,SUBMISSION,STARFRUIT,SEASHELLS,4987,1
79500,Remy,Valentina,AMETHYSTS,SEASHELLS,10002,1
79800,Valentina,Rhianna,STARFRUIT,SEASHELLS,4983,4
80100,,SUBMISSION,STARFRUIT,SEASHELLS,4986,1
80100,Remy,SUBMISSION,STARFRUIT,SEASHELLS,4986,1
80300,Remy,Valentina,AMETHYSTS,SEASHELLS,10002,1
80500,SUBMISSION,Remy,STARFRUIT,SEASHELLS,4983,1
80800,Remy,SUBMISSION,AMETHYSTS,SEASHELLS,10000,1
81300,Valentina,SUBMISSION,AMETHYSTS,SEASHELLS,9998,1
81300,,SUBMISSION,STARFRUIT,SEASHELLS,4986,1
81300,Remy,SUBMISSION,STARFRUIT,SEASHELLS,4986,1
81700,Remy,SUBMISSION,AMETHYSTS,SEASHELLS,10000,1
81800,SUBMISSION,Remy,AMETHYSTS,SEASHELLS,9999,1
81800,SUBMISSION,Remy,STARFRUIT,SEASHELLS,4983,1
81900,Valentina,SUBMISSION,STARFRUIT,SEASHELLS,4984,4
82100,SUBMISSION,Remy,STARFRUIT,SEASHELLS,4983,1
82200,,SUBMISSION,STARFRUIT,SEASHELLS,4987,1
82300,Amelia,SUBMISSION,AMETHYSTS,SEASHELLS,10001,1
82400,Valentina,Rhianna,STARFRUIT,SEASHELLS,4983,4
82600,SUBMISSION,Remy,STARFRUIT,SEASHELLS,4983,1
83200,SUBMISSION,Remy,AMETHYSTS,SEASHELLS,9999,1
83200,SUBMISSION,Remy,AMETHYSTS,SEASHELLS,9999,1
83200,SUBMISSION,Remy,STARFRUIT,SEASHELLS,4984,2
83300,SUBMISSION,Amelia,STARFRUIT,SEASHELLS,4984,7
83300,Valentina,Amelia,STARFRUIT,SEASHELLS,4982,8
83400,,SUBMISSION,STARFRUIT,SEASHELLS,4987,3
83400,Rhianna,SUBMISSION,STARFRUIT,SEASHELLS,4987,3
83700,Ruby,SUBMISSION,AMETHYSTS,SEASHELLS,10001,1
83900,,SUBMISSION,STARFRUIT,SEASHELLS,4988,1
84000,Ruby,SUBMISSION,STARFRUIT,SEASHELLS,4986,4
84200,,SUBMISSION,STARFRUIT,SEASHELLS,4987,1
84200,Remy,SUBMISSION,STARFRUIT,SEASHELLS,4987,1
84600,Remy,SUBMISSION,AMETHYSTS,SEASHELLS,10001,2
84600,Remy,SUBMISSION,STARFRUIT,SEASHELLS,4987,2
84700,Remy,Valentina,STARFRUIT,SEASHELLS,4988,1
84800,Ruby,SUBMISSION,STARFRUIT,SEASHELLS,4987,1
85000,SUBMISSION,,AMETHYSTS,SEASHELLS,9998,5
85000,SUBMISSION,Rhianna,AMETHYSTS,SEASHELLS,9998,5
85700,SUBMISSION,Remy,AMETHYSTS,SEASHELLS,9999,2
85700,Ruby,SUBMISSION,AMETHYSTS,SEASHELLS,10001,4
85700,SUBMISSION,Remy,STARFRUIT,SEASHELLS,4984,2
85900,SUBMISSION,Ruby,AMETHYSTS,SEASHELLS,9999,2
85900,SUBMISSION,Remy,STARFRUIT,SEASHELLS,4984,1
86000,Remy,SUBMISSION,AMETHYSTS,SEASHELLS,10000,1
86000,SUBMISSION,Remy,STARFRUIT,SEASHELLS,4985,1
86000,Remy,SUBMISSION,STARFRUIT,SEASHELLS,4987,1
86300,SUBMISSION,,AMETHYSTS,SEASHELLS,9998,1
86300,SUBMISSION,Remy,AMETHYSTS,SEASHELLS,9998,1
86300,SUBMISSION,,STARFRUIT,SEASHELLS,4983,1
86300,SUBMISSION,Remy,STARFRUIT,SEASHELLS,4983,1
86500,,SUBMISSION,AMETHYSTS,SEASHELLS,10002,1
86500,Remy,SUBMISSION,AMETHYSTS,SEASHELLS,10002,1
87200,SUBMISSION,Remy,STARFRUIT,SEASHELLS,4984,1
87900,,SUBMISSION,AMETHYSTS,SEASHELLS,10002,4
87900,Rhianna,SUBMISSION,AMETHYSTS,SEASHELLS,10002,4
87900,,SUBMISSION,STARFRUIT,SEASHELLS,4987,10
87900,Adam,Valentina,STARFRUIT,SEASHELLS,4987,10
88300,Ruby,SUBMISSION,AMETHYSTS,SEASHELLS,10003,2
88500,SUBMISSION,Ruby,STARFRUIT,SEASHELLS,4987,6
88500,Rhianna,Valentina,AMETHYSTS,SEASHELLS,10002,5
88500,Valentina,Ruby,STARFRUIT,SEASHELLS,4985,4
88600,SUBMISSION,,AMETHYSTS,SEASHELLS,9998,1
88600,SUBMISSION,Remy,AMETHYSTS,SEASHELLS,9998,1
88600,SUBMISSION,,STARFRUIT,SEASHELLS,4986,4
88600,SUBMISSION,Rhianna,STARFRUIT,SEASHELLS,4986,4
88800,Valentina,SUBMISSION,STARFRUIT,SEASHELLS,4986,4
88800,Valentina,SUBMISSION,STARFRUIT,SEASHELLS,4986,3
88800,Valentina,Rhianna,STARFRUIT,SEASHELLS,4986,2
88900,,SUBMISSION,STARFRUIT,SEASHELLS,4989,1
88900,Remy,SUBMISSION,STARFRUIT,SEASHELLS,4989,1
89100,SUBMISSION,,STARFRUIT,SEASHELLS,4985,2
89100,SUBMISSION,Rhianna,STARFRUIT,SEASHELLS,4985,1
89100,SUBMISSION,Rhianna,STARFRUIT,SEASHELLS,4985,2
89400,,SUBMISSION,STARFRUIT,SEASHELLS,4989,1
89400,Remy,SUBMISSION,STARFRUIT,SEASHELLS,4989,1
89400,Rhianna,SUBMISSION,STARFRUIT,SEASHELLS,4989,3
90000,SUBMISSION,Remy,STARFRUIT,SEASHELLS,4986,1
90100,Remy,SUBMISSION,AMETHYSTS,SEASHELLS,10001,1
90100,Remy,SUBMISSION,STARFRUIT,SEASHELLS,4987,1
90200,SUBMISSION,Ruby,STARFRUIT,SEASHELLS,4984,4
90400,SUBMISSION,,STARFRUIT,SEASHELLS,4984,5
90600,,SUBMISSION,STARFRUIT,SEASHELLS,4989,1
90700,Ruby,SUBMISSION,AMETHYSTS,SEASHELLS,10000,5
90700,Ruby,Vladimir,AMETHYSTS,SEASHELLS,10002,1
90800,Ruby,SUBMISSION,STARFRUIT,SEASHELLS,4987,3
91000,SUBMISSION,,AMETHYSTS,SEASHELLS,9998,1
91000,SUBMISSION,Remy,AMETHYSTS,SEASHELLS,9998,1
91000,SUBMISSION,Remy,STARFRUIT,SEASHELLS,4986,1
91400,Remy,Valentina,AMETHYSTS,SEASHELLS,10002,1
91500,SUBMISSION,,AMETHYSTS,SEASHELLS,9998,1
91500,,SUBMISSION,STARFRUIT,SEASHELLS,4990,4
91500,Rhianna,SUBMISSION,STARFRUIT,SEASHELLS,4990,1
91900,SUBMISSION,Remy,STARFRUIT,SEASHELLS,4988,1
91900,Remy,Valentina,AMETHYSTS,SEASHELLS,10002,1
92300,SUBMISSION,Remy,AMETHYSTS,SEASHELLS,9998,1
92300,SUBMISSION,Remy,STARFRUIT,SEASHELLS,4988,1
92400,Rhianna,SUBMISSION,STARFRUIT,SEASHELLS,4990,2
92500,SUBMISSION,Remy,STARFRUIT,SEASHELLS,4988,1
92600,SUBMISSION,,STARFRUIT,SEASHELLS,4987,1
92800,SUBMISSION,,AMETHYSTS,SEASHELLS,9998,5
93000,Remy,Amelia,AMETHYSTS,SEASHELLS,10002,1
93100,SUBMISSION,,AMETHYSTS,SEASHELLS,9998,1
93100,SUBMISSION,Rhianna,AMETHYSTS,SEASHELLS,9998,1
93100,,SUBMISSION,STARFRUIT,SEASHELLS,4990,2
93100,Rhianna,SUBMISSION,STARFRUIT,SEASHELLS,4990,2
93100,Rhianna,SUBMISSION,STARFRUIT,SEASHELLS,4990,2
93300,SUBMISSION,Remy,AMETHYSTS,SEASHELLS,9999,1
93300,SUBMISSION,Remy,STARFRUIT,SEASHELLS,4987,1
93500,SUBMISSION,,AMETHYSTS,SEASHELLS,9998,1
93500,SUBMISSION,Remy,AMETHYSTS,SEASHELLS,9998,1
93700,Remy,SUBMISSION,AMETHYSTS,SEASHELLS,10000,1
93900,SUBMISSION,,AMETHYSTS,SEASHELLS,9998,1
93900,SUBMISSION,Remy,AMETHYSTS,SEASHELLS,9998,1
94300,SUBMISSION,Remy,STARFRUIT,SEASHELLS,4987,1
94400,SUBMISSION,,STARFRUIT,SEASHELLS,4986,1
94500,SUBMISSION,,AMETHYSTS,SEASHELLS,9998,1
94500,SUBMISSION,,STARFRUIT,SEASHELLS,4986,1
94700,SUBMISSION,Amelia,AMETHYSTS,SEASHELLS,9999,9
94700,Vinnie,Amelia,AMETHYSTS,SEASHELLS,9996,2
94800,Rhianna,SUBMISSION,AMETHYSTS,SEASHELLS,10000,4
95100,SUBMISSION,Remy,AMETHYSTS,SEASHELLS,9999,2
95100,SUBMISSION,Remy,STARFRUIT,SEASHELLS,4987,2
95300,,SUBMISSION,AMETHYSTS,SEASHELLS,10002,1
95300,Remy,SUBMISSION,AMETHYSTS,SEASHELLS,10002,1
95300,SUBMISSION,Remy,STARFRUIT,SEASHELLS,4988,1
95600,Remy,Valentina,STARFRUIT,SEASHELLS,4991,1
95800,SUBMISSION,Remy,STARFRUIT,SEASHELLS,4988,1
95900,Ruby,SUBMISSION,AMETHYSTS,SEASHELLS,10000,3
95900,Ruby,SUBMISSION,AMETHYSTS,SEASHELLS,10000,4
95900,Remy,SUBMISSION,STARFRUIT,SEASHELLS,4989,1
95900,Ruby,Vladimir,AMETHYSTS,SEASHELLS,10002,1
96100,SUBMISSION,Remy,AMETHYSTS,SEASHELLS,9999,1
96100,SUBMISSION,Remy,STARFRUIT,SEASHELLS,4988,1
96200,SUBMISSION,Remy,STARFRUIT,SEASHELLS,4988,1
96400,SUBMISSION,Ruby,STARFRUIT,SEASHELLS,4988,8
96400,Valentina,Ruby,STARFRUIT,SEASHELLS,4986,1
96400,Rhianna,Valentina,AMETHYSTS,SEASHELLS,10002,3
96500,Ruby,SUBMISSION,STARFRUIT,SEASHELLS,4990,4
96500,Ruby,Valentina,STARFRUIT,SEASHELLS,4993,2
96800,,SUBMISSION,STARFRUIT,SEASHELLS,4991,1
96800,Remy,SUBMISSION,STARFRUIT,SEASHELLS,4991,1
96900,Ruby,SUBMISSION,AMETHYSTS,SEASHELLS,10001,3
97000,Valentina,Rhianna,STARFRUIT,SEASHELLS,4987,2
97200,Amelia,SUBMISSION,AMETHYSTS,SEASHELLS,10001,8
97200,Amelia,Valentina,AMETHYSTS,SEASHELLS,10005,4
97300,Remy,SUBMISSION,AMETHYSTS,SEASHELLS,10001,1
97300,Remy,SUBMISSION,STARFRUIT,SEASHELLS,4990,1
97400,SUBMISSION,Remy,AMETHYSTS,SEASHELLS,9999,1
97600,SUBMISSION,,AMETHYSTS,SEASHELLS,9998,1
97600,SUBMISSION,Remy,AMETHYSTS,SEASHELLS,9998,1
97900,Rhianna,Valentina,AMETHYSTS,SEASHELLS,10002,4
98000,SUBMISSION,,AMETHYSTS,SEASHELLS,9998,10
98100,,SUBMISSION,AMETHYSTS,SEASHELLS,10002,1
98100,Remy,SUBMISSION,AMETHYSTS,SEASHELLS,10002,1
98100,,SUBMISSION,STARFRUIT,SEASHELLS,4993,1
98100,Remy,SUBMISSION,STARFRUIT,SEASHELLS,4993,1
98200,SUBMISSION,Remy,STARFRUIT,SEASHELLS,4990,1
98300,SUBMISSION,,AMETHYSTS,SEASHELLS,9998,1
98300,SUBMISSION,Remy,AMETHYSTS,SEASHELLS,9998,1
98300,Valentina,Rhianna,STARFRUIT,SEASHELLS,4989,4
98400,Valentina,Remy,STARFRUIT,SEASHELLS,4988,1
98500,,SUBMISSION,AMETHYSTS,SEASHELLS,10002,3
98500,,SUBMISSION,STARFRUIT,SEASHELLS,4992,5
98500,Adam,SUBMISSION,STARFRUIT,SEASHELLS,4992,3
98700,Ruby,SUBMISSION,STARFRUIT,SEASHELLS,4991,6
98800,SUBMISSION,Remy,AMETHYSTS,SEASHELLS,9999,1
98800,SUBMISSION,Remy,STARFRUIT,SEASHELLS,4989,1
98800,Ruby,SUBMISSION,STARFRUIT,SEASHELLS,4991,4
98800,Ruby,Valentina,STARFRUIT,SEASHELLS,4994,1
99000,SUBMISSION,,AMETHYSTS,SEASHELLS,9998,1
99000,SUBMISSION,Remy,AMETHYSTS,SEASHELLS,9998,1
99300,Valentina,SUBMISSION,STARFRUIT,SEASHELLS,4990,2
99400,Amelia,SUBMISSION,STARFRUIT,SEASHELLS,4992,2
99400,Amelia,Valentina,STARFRUIT,SEASHELLS,4995,6
99600,,SUBMISSION,AMETHYSTS,SEASHELLS,10002,7
100000,SUBMISSION,Ruby,STARFRUIT,SEASHELLS,4989,1
100000,Valentina,Ruby,STARFRUIT,SEASHELLS,4987,13
100100,SUBMISSION,,AMETHYSTS,SEASHELLS,9998,1
100100,SUBMISSION,Remy,AMETHYSTS,SEASHELLS,9998,1
100100,SUBMISSION,Remy,STARFRUIT,SEASHELLS,4989,1
100500,SUBMISSION,Remy,AMETHYSTS,SEASHELLS,9999,1
101300,SUBMISSION,,AMETHYSTS,SEASHELLS,9998,8
101400,SUBMISSION,Ruby,STARFRUIT,SEASHELLS,4988,2
102200,Remy,SUBMISSION,AMETHYSTS,SEASHELLS,10001,2
102200,Remy,SUBMISSION,STARFRUIT,SEASHELLS,4988,2
102300,,SUBMISSION,AMETHYSTS,SEASHELLS,10002,1
102300,Remy,SUBMISSION,AMETHYSTS,SEASHELLS,10002,1
102300,Rhianna,SUBMISSION,AMETHYSTS,SEASHELLS,10002,3
102400,SUBMISSION,,STARFRUIT,SEASHELLS,4985,1
102500,Remy,Valentina,STARFRUIT,SEASHELLS,4990,1
102500,Remy,Valentina,AMETHYSTS,SEASHELLS,10002,1
102700,SUBMISSION,,AMETHYSTS,SEASHELLS,9998,1
102900,SUBMISSION,,AMETHYSTS,SEASHELLS,9998,1
102900,SUBMISSION,Remy,AMETHYSTS,SEASHELLS,9998,1
103100,SUBMISSION,Remy,AMETHYSTS,SEASHELLS,9999,2
103100,SUBMISSION,Remy,STARFRUIT,SEASHELLS,4986,2
103300,Rhianna,Valentina,STARFRUIT,SEASHELLS,4988,2
103600,Remy,Ruby,STARFRUIT,SEASHELLS,4990,1
104000,Valentina,Remy,AMETHYSTS,SEASHELLS,9998,1
104100,SUBMISSION,Ruby,STARFRUIT,SEASHELLS,4983,3
104100,Valentina,Ruby,STARFRUIT,SEASHELLS,4983,4
104200,Remy,SUBMISSION,AMETHYSTS,SEASHELLS,9998,1
104200,Valentina,SUBMISSION,AMETHYSTS,SEASHELLS,9998,2
104300,Valentina,SUBMISSION,AMETHYSTS,SEASHELLS,9998,2
104400,SUBMISSION,,AMETHYSTS,SEASHELLS,9998,1
104400,SUBMISSION,Remy,AMETHYSTS,SEASHELLS,9998,1
104400,SUBMISSION,Remy,AMETHYSTS,SEASHELLS,9998,2
104400,Rhianna,Valentina,STARFRUIT,SEASHELLS,4989,3
104400,Rhianna,Remy,STARFRUIT,SEASHELLS,4989,2
104700,Remy,SUBMISSION,AMETHYSTS,SEASHELLS,10000,1
104700,SUBMISSION,Remy,STARFRUIT,SEASHELLS,4987,1
104800,SUBMISSION,,AMETHYSTS,SEASHELLS,9998,1
104800,SUBMISSION,Remy,STARFRUIT,SEASHELLS,4987,1
105100,,SUBMISSION,AMETHYSTS,SEASHELLS,10002,1
105100,Remy,SUBMISSION,AMETHYSTS,SEASHELLS,10002,1
105200,SUBMISSION,,STARFRUIT,SEASHELLS,4986,1
105200,SUBMISSION,Remy,STARFRUIT,SEASHELLS,4986,1
105900,Ruby,SUBMISSION,AMETHYSTS,SEASHELLS,10000,5
106100,Ruby,SUBMISSION,STARFRUIT,SEASHELLS,4988,7
106100,Ruby,Valentina,STARFRUIT,SEASHELLS,4991,1
106400,SUBMISSION,,AMETHYSTS,SEASHELLS,9998,1
106800,Remy,SUBMISSION,AMETHYSTS,SEASHELLS,10001,2
106800,Remy,SUBMISSION,STARFRUIT,SEASHELLS,4987,2
106900,SUBMISSION,,STARFRUIT,SEASHELLS,4984,10
106900,Valentina,Adam,STARFRUIT,SEASHELLS,4984,10
107200,SUBMISSION,Ruby,AMETHYSTS,SEASHELLS,9999,4
107500,Remy,SUBMISSION,AMETHYSTS,SEASHELLS,10000,2
107500,Remy,SUBMISSION,STARFRUIT,SEASHELLS,4987,2
107700,Remy,SUBMISSION,STARFRUIT,SEASHELLS,4988,2
107700,Remy,Vinnie,AMETHYSTS,SEASHELLS,10004,2
108000,SUBMISSION,Amelia,AMETHYSTS,SEASHELLS,9999,6
108000,SUBMISSION,Amelia,AMETHYSTS,SEASHELLS,9999,2
108000,Valentina,Amelia,AMETHYSTS,SEASHELLS,9998,3
108100,SUBMISSION,,STARFRUIT,SEASHELLS,4983,5
108100,SUBMISSION,Adam,STARFRUIT,SEASHELLS,4983,4
108300,Valentina,SUBMISSION,AMETHYSTS,SEASHELLS,9998,1
108400,,SUBMISSION,STARFRUIT,SEASHELLS,4987,1
108400,Remy,SUBMISSION,STARFRUIT,SEASHELLS,4987,1
108600,SUBMISSION,,STARFRUIT,SEASHELLS,4984,2
108600,SUBMISSION,Rhianna,STARFRUIT,SEASHELLS,4984,2
108600,Remy,Valentina,AMETHYSTS,SEASHELLS,10002,1
108700,SUBMISSION,Amelia,AMETHYSTS,SEASHELLS,9999,8
108700,Valentina,Amelia,AMETHYSTS,SEASHELLS,9995,2
108800,SUBMISSION,Remy,STARFRUIT,SEASHELLS,4984,1
108900,Remy,SUBMISSION,AMETHYSTS,SEASHELLS,10001,1
108900,Remy,SUBMISSION,STARFRUIT,SEASHELLS,4986,1
109100,Rhianna,Vladimir,AMETHYSTS,SEASHELLS,10002,2
109400,,SUBMISSION,STARFRUIT,SEASHELLS,4988,1
109400,Remy,SUBMISSION,STARFRUIT,SEASHELLS,4988,1
109600,Amelia,SUBMISSION,STARFRUIT,SEASHELLS,4987,10
109600,Amelia,Valentina,STARFRUIT,SEASHELLS,4990,2
109900,Remy,SUBMISSION,AMETHYSTS,SEASHELLS,10001,1
109900,Remy,SUBMISSION,STARFRUIT,SEASHELLS,4987,1
110300,SUBMISSION,Ruby,STARFRUIT,SEASHELLS,4985,4
110300,Valentina,Ruby,STARFRUIT,SEASHELLS,4983,4
110400,,SUBMISSION,AMETHYSTS,SEASHELLS,10002,1
111300,SUBMISSION,Remy,AMETHYSTS,SEASHELLS,9999,1
111300,Rhianna,Remy,STARFRUIT,SEASHELLS,4986,1
111600,SUBMISSION,Ruby,AMETHYSTS,SEASHELLS,9999,2
111600,Remy,SUBMISSION,STARFRUIT,SEASHELLS,4984,1
112000,Remy,SUBMISSION,AMETHYSTS,SEASHELLS,10001,1
112200,Remy,SUBMISSION,AMETHYSTS,SEASHELLS,10000,1
112300,SUBMISSION,Remy,STARFRUIT,SEASHELLS,4982,1
112400,Remy,Valentina,STARFRUIT,SEASHELLS,4986,1
112500,,SUBMISSION,AMETHYSTS,SEASHELLS,10002,1
112500,Remy,SUBMISSION,AMETHYSTS,SEASHELLS,10002,1
112500,SUBMISSION,,STARFRUIT,SEASHELLS,4981,1
112500,SUBMISSION,Remy,STARFRUIT,SEASHELLS,4981,1
113100,Remy,Valentina,STARFRUIT,SEASHELLS,4985,1
113200,SUBMISSION,Remy,STARFRUIT,SEASHELLS,4982,1
113400,Remy,SUBMISSION,AMETHYSTS,SEASHELLS,10001,1
113400,Remy,SUBMISSION,STARFRUIT,SEASHELLS,4983,2
113600,SUBMISSION,,STARFRUIT,SEASHELLS,4979,1
113700,Remy,SUBMISSION,STARFRUIT,SEASHELLS,4982,1
113800,SUBMISSION,Remy,AMETHYSTS,SEASHELLS,9999,1
113800,SUBMISSION,Remy,STARFRUIT,SEASHELLS,4980,1
113900,SUBMISSION,Remy,STARFRUIT,SEASHELLS,4981,1
114300,SUBMISSION,,STARFRUIT,SEASHELLS,4979,1
114300,SUBMISSION,Remy,STARFRUIT,SEASHELLS,4979,1
114700,SUBMISSION,Ruby,AMETHYSTS,SEASHELLS,9999,4
114700,Amelia,SUBMISSION,AMETHYSTS,SEASHELLS,10001,6
114700,Amelia,Valentina,AMETHYSTS,SEASHELLS,10005,6
115000,SUBMISSION,Remy,STARFRUIT,SEASHELLS,4982,1
115200,SUBMISSION,Remy,STARFRUIT,SEASHELLS,4982,1
115300,Remy,SUBMISSION,STARFRUIT,SEASHELLS,4984,1
115600,SUBMISSION,Remy,AMETHYSTS,SEASHELLS,9999,1
115600,SUBMISSION,,STARFRUIT,SEASHELLS,4981,3
115600,SUBMISSION,Rhianna,STARFRUIT,SEASHELLS,4981,3
115800,,SUBMISSION,STARFRUIT,SEASHELLS,4984,1
115800,Remy,SUBMISSION,STARFRUIT,SEASHELLS,4984,1
115800,Valentina,Remy,AMETHYSTS,SEASHELLS,9998,1
116600,Valentina,SUBMISSION,STARFRUIT,SEASHELLS,4981,3
116700,,SUBMISSION,STARFRUIT,SEASHELLS,4983,1
116700,Remy,SUBMISSION,STARFRUIT,SEASHELLS,4983,1
116900,Valentina,SUBMISSION,STARFRUIT,SEASHELLS,4981,5
117700,Remy,Valentina,STARFRUIT,SEASHELLS,4984,1
118000,SUBMISSION,Remy,AMETHYSTS,SEASHELLS,9999,1
118000,SUBMISSION,Remy,STARFRUIT,SEASHELLS,4978,1
118300,Rhianna,SUBMISSION,STARFRUIT,SEASHELLS,4979,2
118600,SUBMISSION,Remy,STARFRUIT,SEASHELLS,4977,1
119000,,SUBMISSION,AMETHYSTS,SEASHELLS,10002,1
119000,Remy,SUBMISSION,STARFRUIT,SEASHELLS,4979,1
119300,Remy,SUBMISSION,AMETHYSTS,SEASHELLS,10000,1
119300,Remy,SUBMISSION,STARFRUIT,SEASHELLS,4978,1
119500,SUBMISSION,Remy,STARFRUIT,SEASHELLS,4975,1
119700,SUBMISSION,Remy,STARFRUIT,SEASHELLS,4975,1
120200,Remy,SUBMISSION,AMETHYSTS,SEASHELLS,10000,1
120200,SUBMISSION,Remy,STARFRUIT,SEASHELLS,4975,1
120500,Valentina,SUBMISSION,AMETHYSTS,SEASHELLS,9998,3
120700,SUBMISSION,Remy,STARFRUIT,SEASHELLS,4974,1
120800,SUBMISSION,Remy,AMETHYSTS,SEASHELLS,10000,2
120800,Remy,Remy,STARFRUIT,SEASHELLS,4978,1
120900,Valentina,Remy,AMETHYSTS,SEASHELLS,9998,1
121300,Ruby,SUBMISSION,STARFRUIT,SEASHELLS,4978,7
121300,Ruby,Valentina,STARFRUIT,SEASHELLS,4981,2
121800,,SUBMISSION,AMETHYSTS,SEASHELLS,10002,10
121800,SUBMISSION,Rhianna,AMETHYSTS,SEASHELLS,10000,2
122000,SUBMISSION,,STARFRUIT,SEASHELLS,4975,9
122000,SUBMISSION,Adam,STARFRUIT,SEASHELLS,4975,1
122000,Valentina,Adam,STARFRUIT,SEASHELLS,4975,8
122300,Ruby,SUBMISSION,AMETHYSTS,SEASHELLS,10001,2
122300,Ruby,SUBMISSION,AMETHYSTS,SEASHELLS,10001,3
122700,SUBMISSION,Remy,STARFRUIT,SEASHELLS,4975,1
123000,SUBMISSION,,AMETHYSTS,SEASHELLS,9998,1
123000,SUBMISSION,Remy,AMETHYSTS,SEASHELLS,9998,1
123000,SUBMISSION,Remy,STARFRUIT,SEASHELLS,4975,1
123100,SUBMISSION,,STARFRUIT,SEASHELLS,4974,5
123100,SUBMISSION,Remy,STARFRUIT,SEASHELLS,4974,1
123200,Remy,Valentina,STARFRUIT,SEASHELLS,4978,1
123300,,SUBMISSION,STARFRUIT,SEASHELLS,4978,9
123300,Adam,SUBMISSION,STARFRUIT,SEASHELLS,4978,1
123300,Adam,SUBMISSION,STARFRUIT,SEASHELLS,4978,7
123300,Adam,Valentina,STARFRUIT,SEASHELLS,4978,1
124000,Remy,Valentina,STARFRUIT,SEASHELLS,4977,1
124400,Remy,Valentina,AMETHYSTS,SEASHELLS,10002,1
124500,SUBMISSION,Ruby,AMETHYSTS,SEASHELLS,9999,5
124600,SUBMISSION,,STARFRUIT,SEASHELLS,4972,3
124700,Valentina,SUBMISSION,AMETHYSTS,SEASHELLS,9998,1
124900,Remy,SUBMISSION,AMETHYSTS,SEASHELLS,10000,2
124900,Remy,SUBMISSION,STARFRUIT,SEASHELLS,4973,2
125100,SUBMISSION,,AMETHYSTS,SEASHELLS,9998,1
125100,SUBMISSION,Remy,AMETHYSTS,SEASHELLS,9998,1
125100,SUBMISSION,Remy,STARFRUIT,SEASHELLS,4971,1
125200,Remy,SUBMISSION,AMETHYSTS,SEASHELLS,10001,1
125200,Remy,SUBMISSION,STARFRUIT,SEASHELLS,4973,1
125300,Remy,SUBMISSION,STARFRUIT,SEASHELLS,4973,2
125300,Remy,Valentina,AMETHYSTS,SEASHELLS,10005,2
125400,SUBMISSION,Remy,AMETHYSTS,SEASHELLS,9999,2
125400,SUBMISSION,Remy,STARFRUIT,SEASHELLS,4971,2
125600,SUBMISSION,,AMETHYSTS,SEASHELLS,9998,2
126200,SUBMISSION,,STARFRUIT,SEASHELLS,4971,2
126400,SUBMISSION,Ruby,AMETHYSTS,SEASHELLS,9999,3
126400,SUBMISSION,Ruby,AMETHYSTS,SEASHELLS,9999,1
126500,SUBMISSION,Ruby,AMETHYSTS,SEASHELLS,9999,4
127000,SUBMISSION,Amelia,AMETHYSTS,SEASHELLS,9999,6
127000,Valentina,Amelia,AMETHYSTS,SEASHELLS,9995,6
127200,,SUBMISSION,AMETHYSTS,SEASHELLS,10002,1
127200,Rhianna,SUBMISSION,AMETHYSTS,SEASHELLS,10002,2
127300,SUBMISSION,Ruby,STARFRUIT,SEASHELLS,4972,6
127300,Valentina,Remy,STARFRUIT,SEASHELLS,4970,1
127400,,SUBMISSION,AMETHYSTS,SEASHELLS,10002,1
127400,Remy,SUBMISSION,AMETHYSTS,SEASHELLS,10002,1
127600,SUBMISSION,Remy,STARFRUIT,SEASHELLS,4969,1
127800,,SUBMISSION,AMETHYSTS,SEASHELLS,10002,5
127800,Ruby,SUBMISSION,AMETHYSTS,SEASHELLS,10002,2
127900,Remy,SUBMISSION,AMETHYSTS,SEASHELLS,10000,1
128400,SUBMISSION,,STARFRUIT,SEASHELLS,4969,9
128800,,SUBMISSION,STARFRUIT,SEASHELLS,4975,1
128900,,SUBMISSION,STARFRUIT,SEASHELLS,4974,3
128900,Rhianna,SUBMISSION,STARFRUIT,SEASHELLS,4974,3
129200,SUBMISSION,Remy,AMETHYSTS,SEASHELLS,9999,2
129200,SUBMISSION,Remy,STARFRUIT,SEASHELLS,4971,2
129600,Remy,SUBMISSION,STARFRUIT,SEASHELLS,4973,1
129700,SUBMISSION,Remy,AMETHYSTS,SEASHELLS,9999,1
129700,SUBMISSION,Remy,STARFRUIT,SEASHELLS,4972,1
129800,SUBMISSION,Remy,STARFRUIT,SEASHELLS,4972,1
130100,,SUBMISSION,AMETHYSTS,SEASHELLS,10002,4
130100,Rhianna,SUBMISSION,AMETHYSTS,SEASHELLS,10002,4
130100,Rhianna,SUBMISSION,AMETHYSTS,SEASHELLS,10002,1
130200,SUBMISSION,Remy,STARFRUIT,SEASHELLS,4972,1
130300,SUBMISSION,,AMETHYSTS,SEASHELLS,9998,5
130300,SUBMISSION,Rhianna,AMETHYSTS,SEASHELLS,9998,3
130300,SUBMISSION,Remy,STARFRUIT,SEASHELLS,4972,1
130400,SUBMISSION,Remy,STARFRUIT,SEASHELLS,4970,1
130500,Ruby,SUBMISSION,STARFRUIT,SEASHELLS,4973,6
130500,Ruby,Valentina,STARFRUIT,SEASHELLS,4976,6
130500,Valentina,Rhianna,AMETHYSTS,SEASHELLS,9998,3
130600,,SUBMISSION,STARFRUIT,SEASHELLS,4974,1
131200,Remy,Rhianna,AMETHYSTS,SEASHELLS,9998,1
131400,Ruby,Rhianna,AMETHYSTS,SEASHELLS,9998,3
131600,Vladimir,Rhianna,AMETHYSTS,SEASHELLS,9998,1
132000,Remy,SUBMISSION,AMETHYSTS,SEASHELLS,10001,1
132000,Remy,SUBMISSION,STARFRUIT,SEASHELLS,4972,1
132100,SUBMISSION,Rhianna,AMETHYSTS,SEASHELLS,9999,5
132100,SUBMISSION,,STARFRUIT,SEASHELLS,4969,7
132300,SUBMISSION,Remy,AMETHYSTS,SEASHELLS,10000,1
132300,SUBMISSION,Remy,STARFRUIT,SEASHELLS,4971,1
132700,Amelia,SUBMISSION,AMETHYSTS,SEASHELLS,10001,6
132700,Amelia,Valentina,AMETHYSTS,SEASHELLS,10004,3
132700,Amelia,Vinnie,AMETHYSTS,SEASHELLS,10004,1
132700,Valentina,Rhianna,STARFRUIT,SEASHELLS,4968,3
133400,Remy,SUBMISSION,AMETHYSTS,SEASHELLS,10001,1
133400,Remy,SUBMISSION,STARFRUIT,SEASHELLS,4972,1
133600,SUBMISSION,,AMETHYSTS,SEASHELLS,9998,1
133700,Remy,SUBMISSION,AMETHYSTS,SEASHELLS,10001,1
133700,Remy,SUBMISSION,STARFRUIT,SEASHELLS,4971,1
134100,,SUBMISSION,STARFRUIT,SEASHELLS,4973,9
134100,Adam,SUBMISSION,STARFRUIT,SEASHELLS,4973,1
134100,Adam,SUBMISSION,STARFRUIT,SEASHELLS,4973,7
134100,Adam,Valentina,STARFRUIT,SEASHELLS,4973,2
134200,SUBMISSION,,STARFRUIT,SEASHELLS,4969,2
134200,SUBMISSION,Rhianna,STARFRUIT,SEASHELLS,4969,2
134700,Remy,SUBMISSION,AMETHYSTS,SEASHELLS,10001,1
134700,Remy,SUBMISSION,STARFRUIT,SEASHELLS,4971,1
134800,Amelia,SUBMISSION,AMETHYSTS,SEASHELLS,10001,2
134900,Remy,SUBMISSION,AMETHYSTS,SEASHELLS,10000,1
135200,SUBMISSION,Amelia,STARFRUIT,SEASHELLS,4969,5
135200,Valentina,Amelia,STARFRUIT,SEASHELLS,4967,10
135300,SUBMISSION,,STARFRUIT,SEASHELLS,4967,1
135600,SUBMISSION,Remy,STARFRUIT,SEASHELLS,4969,1
136500,Remy,SUBMISSION,AMETHYSTS,SEASHELLS,10001,2
136500,SUBMISSION,Remy,STARFRUIT,SEASHELLS,4970,1
136500,Remy,SUBMISSION,STARFRUIT,SEASHELLS,4972,2
136800,SUBMISSION,,AMETHYSTS,SEASHELLS,9998,2
136800,SUBMISSION,Rhianna,AMETHYSTS,SEASHELLS,9998,2
136900,SUBMISSION,Remy,STARFRUIT,SEASHELLS,4970,1
137000,SUBMISSION,,AMETHYSTS,SEASHELLS,9998,1
137000,Ruby,SUBMISSION,STARFRUIT,SEASHELLS,4971,9
137700,Ruby,SUBMISSION,AMETHYSTS,SEASHELLS,10001,1
138700,SUBMISSION,,AMETHYSTS,SEASHELLS,9998,1
139100,SUBMISSION,,AMETHYSTS,SEASHELLS,9998,5
139100,SUBMISSION,Rhianna,AMETHYSTS,SEASHELLS,9998,5
139400,SUBMISSION,Ruby,AMETHYSTS,SEASHELLS,9999,2
139400,SUBMISSION,Ruby,AMETHYSTS,SEASHELLS,9999,1
139500,,SUBMISSION,AMETHYSTS,SEASHELLS,10002,1
140400,Remy,SUBMISSION,STARFRUIT,SEASHELLS,4970,1
140700,SUBMISSION,Rhianna,AMETHYSTS,SEASHELLS,9999,2
140800,SUBMISSION,Remy,STARFRUIT,SEASHELLS,4968,1
140900,SUBMISSION,Remy,STARFRUIT,SEASHELLS,4967,1
141100,Valentina,Remy,AMETHYSTS,SEASHELLS,9998,1
141200,SUBMISSION,Ruby,STARFRUIT,SEASHELLS,4966,5
141200,Valentina,Ruby,STARFRUIT,SEASHELLS,4964,6
141400,Remy,Valentina,STARFRUIT,SEASHELLS,4969,1
141600,Remy,SUBMISSION,STARFRUIT,SEASHELLS,4967,1
141700,Adam,Valentina,STARFRUIT,SEASHELLS,4968,10
142000,SUBMISSION,Ruby,AMETHYSTS,SEASHELLS,9998,1
142000,SUBMISSION,Amelia,STARFRUIT,SEASHELLS,4966,7
142000,Valentina,Amelia,STARFRUIT,SEASHELLS,4964,4
142400,Remy,SUBMISSION,AMETHYSTS,SEASHELLS,10001,1
142400,Remy,SUBMISSION,STARFRUIT,SEASHELLS,4967,1
142800,SUBMISSION,Valentina,STARFRUIT,SEASHELLS,4967,4
142800,Amelia,SUBMISSION,STARFRUIT,SEASHELLS,4969,10
142800,Amelia,Valentina,STARFRUIT,SEASHELLS,4970,3
142800,Remy,Valentina,STARFRUIT,SEASHELLS,4968,1
143100,SUBMISSION,Remy,AMETHYSTS,SEASHELLS,9998,2
143100,SUBMISSION,Remy,STARFRUIT,SEASHELLS,4965,2
143200,SUBMISSION,Remy,STARFRUIT,SEASHELLS,4965,1
143200,Valentina,Remy,AMETHYSTS,SEASHELLS,9995,1
143200,Valentina,Remy,AMETHYSTS,SEASHELLS,9998,1
143300,SUBMISSION,,STARFRUIT,SEASHELLS,4964,1
143800,SUBMISSION,Remy,AMETHYSTS,SEASHELLS,9999,1
143800,SUBMISSION,Remy,STARFRUIT,SEASHELLS,4965,1
143900,,SUBMISSION,STARFRUIT,SEASHELLS,4969,1
144100,,SUBMISSION,AMETHYSTS,SEASHELLS,10002,1
144100,Rhianna,SUBMISSION,AMETHYSTS,SEASHELLS,10002,1
144200,Remy,SUBMISSION,AMETHYSTS,SEASHELLS,10001,1
144200,Remy,SUBMISSION,STARFRUIT,SEASHELLS,4966,2
144600,SUBMISSION,Rhianna,AMETHYSTS,SEASHELLS,9999,3
144800,Remy,SUBMISSION,STARFRUIT,SEASHELLS,4967,1
144900,,SUBMISSION,AMETHYSTS,SEASHELLS,10002,1
144900,Remy,SUBMISSION,AMETHYSTS,SEASHELLS,10002,1
145800,Valentina,SUBMISSION,AMETHYSTS,SEASHELLS,9998,3
145800,Remy,Valentina,STARFRUIT,SEASHELLS,4967,1
145900,Remy,SUBMISSION,AMETHYSTS,SEASHELLS,10001,1
145900,Remy,Valentina,STARFRUIT,SEASHELLS,4969,1
145900,Remy,Valentina,STARFRUIT,SEASHELLS,4968,1
146000,Remy,Amelia,STARFRUIT,SEASHELLS,4967,1
146200,SUBMISSION,Ruby,STARFRUIT,SEASHELLS,4964,7
146200,Valentina,Ruby,STARFRUIT,SEASHELLS,4962,3
146300,Remy,SUBMISSION,AMETHYSTS,SEASHELLS,10001,2
146300,Remy,SUBMISSION,STARFRUIT,SEASHELLS,4967,2
146700,Ruby,SUBMISSION,AMETHYSTS,SEASHELLS,10001,5
146800,,SUBMISSION,STARFRUIT,SEASHELLS,4968,1
146900,Amelia,SUBMISSION,AMETHYSTS,SEASHELLS,10001,8
146900,SUBMISSION,,STARFRUIT,SEASHELLS,4964,3
146900,SUBMISSION,Rhianna,STARFRUIT,SEASHELLS,4964,3
146900,SUBMISSION,Remy,STARFRUIT,SEASHELLS,4964,1
146900,Amelia,Vinnie,AMETHYSTS,SEASHELLS,10004,2
147000,Ruby,SUBMISSION,STARFRUIT,SEASHELLS,4966,7
147000,Ruby,Valentina,STARFRUIT,SEASHELLS,4969,1
147100,Valentina,SUBMISSION,STARFRUIT,SEASHELLS,4964,4
147300,SUBMISSION,Remy,STARFRUIT,SEASHELLS,4964,1
147400,SUBMISSION,Remy,AMETHYSTS,SEASHELLS,9998,1
147400,SUBMISSION,Remy,STARFRUIT,SEASHELLS,4964,1
147800,SUBMISSION,,AMETHYSTS,SEASHELLS,9998,1
147800,SUBMISSION,Remy,AMETHYSTS,SEASHELLS,9998,1
147800,Remy,Valentina,STARFRUIT,SEASHELLS,4967,1
148000,SUBMISSION,Remy,AMETHYSTS,SEASHELLS,10001,1
148000,SUBMISSION,Remy,AMETHYSTS,SEASHELLS,10001,1
148000,Vinnie,Remy,STARFRUIT,SEASHELLS,4964,1
148100,SUBMISSION,,STARFRUIT,SEASHELLS,4963,3
148100,SUBMISSION,Rhianna,STARFRUIT,SEASHELLS,4963,3
148200,SUBMISSION,Remy,AMETHYSTS,SEASHELLS,9999,2
148200,,SUBMISSION,STARFRUIT,SEASHELLS,4967,1
148200,Remy,SUBMISSION,STARFRUIT,SEASHELLS,4967,1
148300,SUBMISSION,,STARFRUIT,SEASHELLS,4962,10
148300,Valentina,Adam,STARFRUIT,SEASHELLS,4962,10
148500,,SUBMISSION,STARFRUIT,SEASHELLS,4966,1
148500,Remy,SUBMISSION,STARFRUIT,SEASHELLS,4966,1
148700,SUBMISSION,Remy,STARFRUIT,SEASHELLS,4963,1
148800,SUBMISSION,Amelia,STARFRUIT,SEASHELLS,4963,5
148800,Valentina,Amelia,STARFRUIT,SEASHELLS,4961,4
149200,,SUBMISSION,AMETHYSTS,SEASHELLS,10002,10
149200,,SUBMISSION,AMETHYSTS,SEASHELLS,10002,2
149400,Valentina,SUBMISSION,STARFRUIT,SEASHELLS,4963,2
149400,Valentina,Vinnie,STARFRUIT,SEASHELLS,4963,1
150000,Rhianna,SUBMISSION,STARFRUIT,SEASHELLS,4963,1
150000,Rhianna,SUBMISSION,STARFRUIT,SEASHELLS,4963,1
150100,Remy,SUBMISSION,AMETHYSTS,SEASHELLS,10001,1
150100,Remy,SUBMISSION,STARFRUIT,SEASHELLS,4963,1
150200,Remy,SUBMISSION,STARFRUIT,SEASHELLS,4963,1
150300,SUBMISSION,Remy,AMETHYSTS,SEASHELLS,9999,1
150300,SUBMISSION,Remy,STARFRUIT,SEASHELLS,4961,1
150500,,SUBMISSION,STARFRUIT,SEASHELLS,4964,1
150800,,SUBMISSION,STARFRUIT,SEASHELLS,4963,2
151400,Valentina,Remy,STARFRUIT,SEASHELLS,4960,1
151400,Remy,Valentina,AMETHYSTS,SEASHELLS,10002,1
151900,SUBMISSION,Remy,STARFRUIT,SEASHELLS,4962,1
152000,Adam,SUBMISSION,AMETHYSTS,SEASHELLS,10001,5
152000,,SUBMISSION,STARFRUIT,SEASHELLS,4965,1
152000,Adam,Vladimir,AMETHYSTS,SEASHELLS,10002,1
152100,Remy,SUBMISSION,AMETHYSTS,SEASHELLS,10001,2
152100,Remy,SUBMISSION,STARFRUIT,SEASHELLS,4963,2
152300,SUBMISSION,Remy,STARFRUIT,SEASHELLS,4961,1
152400,SUBMISSION,,AMETHYSTS,SEASHELLS,9998,8
152800,Rhianna,Valentina,STARFRUIT,SEASHELLS,4965,3
153200,SUBMISSION,Ruby,AMETHYSTS,SEASHELLS,9998,5
153400,Valentina,SUBMISSION,STARFRUIT,SEASHELLS,4963,2
153500,Remy,SUBMISSION,AMETHYSTS,SEASHELLS,10000,1
153500,Remy,SUBMISSION,STARFRUIT,SEASHELLS,4965,1
153600,SUBMISSION,Remy,STARFRUIT,SEASHELLS,4963,1
153700,SUBMISSION,,AMETHYSTS,SEASHELLS,9998,1
153700,SUBMISSION,Remy,AMETHYSTS,SEASHELLS,9998,1
153800,,SUBMISSION,STARFRUIT,SEASHELLS,4967,1
153900,SUBMISSION,Remy,STARFRUIT,SEASHELLS,4963,1
154000,Valentina,Adam,STARFRUIT,SEASHELLS,4963,10
154100,SUBMISSION,Rhianna,AMETHYSTS,SEASHELLS,9999,2
154200,SUBMISSION,,AMETHYSTS,SEASHELLS,9998,2
154400,,SUBMISSION,AMETHYSTS,SEASHELLS,10002,2
154400,Rhianna,SUBMISSION,AMETHYSTS,SEASHELLS,10002,2
154600,Remy,Ruby,AMETHYSTS,SEASHELLS,10002,1
154700,SUBMISSION,Remy,STARFRUIT,SEASHELLS,4964,1
154700,Ruby,SUBMISSION,STARFRUIT,SEASHELLS,4966,7
154800,SUBMISSION,Remy,STARFRUIT,SEASHELLS,4964,1
155200,Remy,Valentina,AMETHYSTS,SEASHELLS,10002,1
155600,SUBMISSION,,AMETHYSTS,SEASHELLS,9998,1
155600,SUBMISSION,Remy,AMETHYSTS,SEASHELLS,9998,1
155600,Remy,SUBMISSION,STARFRUIT,SEASHELLS,4967,1
155700,,SUBMISSION,AMETHYSTS,SEASHELLS,10002,1
155700,Remy,SUBMISSION,AMETHYSTS,SEASHELLS,10002,1
156200,SUBMISSION,,STARFRUIT,SEASHELLS,4964,5
156200,SUBMISSION,Rhianna,STARFRUIT,SEASHELLS,4964,5
156400,Ruby,SUBMISSION,STARFRUIT,SEASHELLS,4967,6
156400,Ruby,Valentina,STARFRUIT,SEASHELLS,4969,1
156500,Remy,SUBMISSION,AMETHYSTS,SEASHELLS,10000,1
156700,Remy,SUBMISSION,AMETHYSTS,SEASHELLS,10001,2
156700,Remy,SUBMISSION,STARFRUIT,SEASHELLS,4966,2
157000,Amelia,SUBMISSION,STARFRUIT,SEASHELLS,4967,2
157000,Amelia,SUBMISSION,STARFRUIT,SEASHELLS,4967,8
157000,Amelia,Valentina,STARFRUIT,SEASHELLS,4969,1
157400,SUBMISSION,Remy,STARFRUIT,SEASHELLS,4965,1
157400,Remy,Remy,AMETHYSTS,SEASHELLS,10002,1
157700,Remy,SUBMISSION,AMETHYSTS,SEASHELLS,10001,1
157700,Remy,SUBMISSION,STARFRUIT,SEASHELLS,4969,1
157900,Remy,SUBMISSION,AMETHYSTS,SEASHELLS,10001,2
157900,SUBMISSION,,STARFRUIT,SEASHELLS,4966,5
157900,SUBMISSION,Rhianna,STARFRUIT,SEASHELLS,4966,2
158000,SUBMISSION,Remy,STARFRUIT,SEASHELLS,4967,1
158000,Remy,Valentina,AMETHYSTS,SEASHELLS,10002,1
158200,SUBMISSION,Ruby,AMETHYSTS,SEASHELLS,9999,5
158200,Vladimir,Ruby,AMETHYSTS,SEASHELLS,9998,3
158300,SUBMISSION,Remy,STARFRUIT,SEASHELLS,4967,1
158300,Remy,Valentina,AMETHYSTS,SEASHELLS,10002,1
158500,SUBMISSION,Remy,STARFRUIT,SEASHELLS,4966,1
159200,SUBMISSION,Remy,AMETHYSTS,SEASHELLS,9999,2
159200,SUBMISSION,Remy,STARFRUIT,SEASHELLS,4966,2
159400,Remy,SUBMISSION,AMETHYSTS,SEASHELLS,10000,1
159400,SUBMISSION,Amelia,STARFRUIT,SEASHELLS,4967,8
159500,SUBMISSION,Remy,STARFRUIT,SEASHELLS,4966,1
159900,SUBMISSION,Remy,AMETHYSTS,SEASHELLS,9998,2
159900,SUBMISSION,Remy,STARFRUIT,SEASHELLS,4966,2
160200,SUBMISSION,Remy,STARFRUIT,SEASHELLS,4965,1
160300,,SUBMISSION,STARFRUIT,SEASHELLS,4969,1
160300,Remy,SUBMISSION,STARFRUIT,SEASHELLS,4969,1
160400,SUBMISSION,Remy,STARFRUIT,SEASHELLS,4965,1
160700,SUBMISSION,Remy,STARFRUIT,SEASHELLS,4963,1
160800,Amelia,SUBMISSION,STARFRUIT,SEASHELLS,4966,3
160800,Amelia,Valentina,STARFRUIT,SEASHELLS,4969,10
161200,Valentina,Rhianna,STARFRUIT,SEASHELLS,4964,3
161400,Amelia,SUBMISSION,STARFRUIT,SEASHELLS,4966,4
161400,Amelia,Valentina,STARFRUIT,SEASHELLS,4969,9
161700,,SUBMISSION,AMETHYSTS,SEASHELLS,10002,1
161700,,SUBMISSION,STARFRUIT,SEASHELLS,4967,1
161800,SUBMISSION,Remy,STARFRUIT,SEASHELLS,4964,1
162000,Remy,SUBMISSION,AMETHYSTS,SEASHELLS,10001,2
162000,Remy,SUBMISSION,STARFRUIT,SEASHELLS,4965,2
162300,SUBMISSION,Remy,STARFRUIT,SEASHELLS,4964,2
162300,Rhianna,Remy,AMETHYSTS,SEASHELLS,10002,2
162400,SUBMISSION,Remy,STARFRUIT,SEASHELLS,4964,1
162700,SUBMISSION,,AMETHYSTS,SEASHELLS,9998,1
162700,SUBMISSION,Remy,AMETHYSTS,SEASHELLS,9998,1
162700,SUBMISSION,Remy,STARFRUIT,SEASHELLS,4963,1
162800,SUBMISSION,Remy,AMETHYSTS,SEASHELLS,9999,2
162800,SUBMISSION,Remy,STARFRUIT,SEASHELLS,4963,2
163100,Remy,SUBMISSION,STARFRUIT,SEASHELLS,4965,1
163200,,SUBMISSION,STARFRUIT,SEASHELLS,4968,1
163300,,SUBMISSION,STARFRUIT,SEASHELLS,4969,1
163300,Remy,SUBMISSION,STARFRUIT,SEASHELLS,4969,1
163600,Valentina,SUBMISSION,STARFRUIT,SEASHELLS,4966,2
163700,SUBMISSION,Ruby,STARFRUIT,SEASHELLS,4965,4
163900,,SUBMISSION,AMETHYSTS,SEASHELLS,10002,5
163900,Rhianna,SUBMISSION,AMETHYSTS,SEASHELLS,10002,4
163900,Remy,SUBMISSION,AMETHYSTS,SEASHELLS,10002,1
164000,Vinnie,Amelia,AMETHYSTS,SEASHELLS,10000,3
164600,SUBMISSION,Remy,AMETHYSTS,SEASHELLS,9999,1
164800,SUBMISSION,,AMETHYSTS,SEASHELLS,9998,1
164800,SUBMISSION,Rhianna,AMETHYSTS,SEASHELLS,9998,1
164900,SUBMISSION,,AMETHYSTS,SEASHELLS,9998,1
164900,SUBMISSION,Rhianna,STARFRUIT,SEASHELLS,4965,3
165000,Rhianna,Valentina,AMETHYSTS,SEASHELLS,10002,2
165300,SUBMISSION,Ruby,AMETHYSTS,SEASHELLS,9999,3
165300,SUBMISSION,Ruby,AMETHYSTS,SEASHELLS,9999,1
165500,Remy,SUBMISSION,STARFRUIT,SEASHELLS,4966,1
165700,Remy,SUBMISSION,STARFRUIT,SEASHELLS,4966,1
166100,Rhianna,SUBMISSION,AMETHYSTS,SEASHELLS,10000,1
166300,Remy,Valentina,AMETHYSTS,SEASHELLS,10002,1
166400,Remy,Valentina,AMETHYSTS,SEASHELLS,10002,1
166600,Valentina,Rhianna,STARFRUIT,SEASHELLS,4964,3
166700,SUBMISSION,Remy,STARFRUIT,SEASHELLS,4965,1
166700,Remy,Remy,AMETHYSTS,SEASHELLS,10002,1
166900,SUBMISSION,,AMETHYSTS,SEASHELLS,9998,1
167300,Remy,SUBMISSION,AMETHYSTS,SEASHELLS,10001,2
167300,Remy,SUBMISSION,STARFRUIT,SEASHELLS,4965,2
167800,,SUBMISSION,STARFRUIT,SEASHELLS,4966,1
168100,Remy,Valentina,AMETHYSTS,SEASHELLS,10002,1
168200,SUBMISSION,Remy,AMETHYSTS,SEASHELLS,9998,1
168200,SUBMISSION,Remy,STARFRUIT,SEASHELLS,4962,1
168500,SUBMISSION,,AMETHYSTS,SEASHELLS,9998,1
168900,SUBMISSION,,AMETHYSTS,SEASHELLS,9998,5
168900,SUBMISSION,Rhianna,AMETHYSTS,SEASHELLS,9998,5
169200,SUBMISSION,Remy,STARFRUIT,SEASHELLS,4960,1
169300,Rhianna,SUBMISSION,AMETHYSTS,SEASHELLS,9999,1
169300,Valentina,SUBMISSION,STARFRUIT,SEASHELLS,4962,3
169500,,SUBMISSION,STARFRUIT,SEASHELLS,4964,8
169500,Ruby,SUBMISSION,STARFRUIT,SEASHELLS,4964,2
169500,Ruby,SUBMISSION,STARFRUIT,SEASHELLS,4965,6
169500,Ruby,Valentina,STARFRUIT,SEASHELLS,4966,4
169600,Remy,Valentina,STARFRUIT,SEASHELLS,4966,1
170000,Remy,SUBMISSION,AMETHYSTS,SEASHELLS,10000,2
170000,Remy,Vladimir,STARFRUIT,SEASHELLS,4965,2
170000,Rhianna,Remy,STARFRUIT,SEASHELLS,4964,1
170200,,SUBMISSION,AMETHYSTS,SEASHELLS,10002,1
170200,Remy,SUBMISSION,AMETHYSTS,SEASHELLS,10002,1
170200,Remy,SUBMISSION,STARFRUIT,SEASHELLS,4964,1
170400,Amelia,Valentina,STARFRUIT,SEASHELLS,4967,12
171400,Valentina,Remy,AMETHYSTS,SEASHELLS,9998,1
171700,Remy,SUBMISSION,AMETHYSTS,SEASHELLS,10001,1
171700,Remy,SUBMISSION,STARFRUIT,SEASHELLS,4963,1
172000,SUBMISSION,Amelia,STARFRUIT,SEASHELLS,4961,4
172000,Valentina,Amelia,STARFRUIT,SEASHELLS,4959,9
172100,Remy,SUBMISSION,AMETHYSTS,SEASHELLS,9998,1
172200,,SUBMISSION,AMETHYSTS,SEASHELLS,10002,1
172200,Remy,SUBMISSION,AMETHYSTS,SEASHELLS,10002,1
172300,Remy,SUBMISSION,AMETHYSTS,SEASHELLS,10000,1
172600,Remy,Valentina,AMETHYSTS,SEASHELLS,10002,1
172700,Ruby,SUBMISSION,AMETHYSTS,SEASHELLS,10001,2
173100,Ruby,SUBMISSION,AMETHYSTS,SEASHELLS,10001,4
173600,Remy,Valentina,STARFRUIT,SEASHELLS,4965,1
173700,SUBMISSION,,AMETHYSTS,SEASHELLS,9998,1
173700,SUBMISSION,Remy,AMETHYSTS,SEASHELLS,9998,1
174100,Valentina,SUBMISSION,AMETHYSTS,SEASHELLS,9998,1
174100,Remy,Valentina,STARFRUIT,SEASHELLS,4963,1
174400,Valentina,SUBMISSION,STARFRUIT,SEASHELLS,4960,3
174700,Rhianna,Valentina,STARFRUIT,SEASHELLS,4961,2
174900,Remy,SUBMISSION,AMETHYSTS,SEASHELLS,10000,1
174900,Remy,SUBMISSION,STARFRUIT,SEASHELLS,4960,1
175200,SUBMISSION,,AMETHYSTS,SEASHELLS,9998,1
175200,SUBMISSION,Remy,AMETHYSTS,SEASHELLS,9998,2
175200,SUBMISSION,Remy,AMETHYSTS,SEASHELLS,9998,1
175200,SUBMISSION,Remy,STARFRUIT,SEASHELLS,4960,2
175200,Remy,SUBMISSION,STARFRUIT,SEASHELLS,4962,1
175500,Remy,SUBMISSION,AMETHYSTS,SEASHELLS,10001,1
175500,Remy,SUBMISSION,STARFRUIT,SEASHELLS,4961,1
175600,Remy,Valentina,STARFRUIT,SEASHELLS,4963,1
176000,SUBMISSION,Remy,STARFRUIT,SEASHELLS,4959,1
176100,Remy,SUBMISSION,AMETHYSTS,SEASHELLS,10000,1
176500,Remy,SUBMISSION,AMETHYSTS,SEASHELLS,10001,1
176500,Remy,SUBMISSION,STARFRUIT,SEASHELLS,4961,1
176900,Amelia,SUBMISSION,AMETHYSTS,SEASHELLS,10001,6
176900,SUBMISSION,,STARFRUIT,SEASHELLS,4959,2
176900,SUBMISSION,Rhianna,STARFRUIT,SEASHELLS,4959,2
176900,Amelia,Valentina,AMETHYSTS,SEASHELLS,10005,3
177200,SUBMISSION,Adam,STARFRUIT,SEASHELLS,4959,1
177200,SUBMISSION,Adam,STARFRUIT,SEASHELLS,4959,5
177200,Vladimir,Adam,STARFRUIT,SEASHELLS,4958,2
177300,SUBMISSION,,STARFRUIT,SEASHELLS,4959,2
177300,SUBMISSION,Rhianna,STARFRUIT,SEASHELLS,4959,2
177900,SUBMISSION,Amelia,AMETHYSTS,SEASHELLS,9999,3
178200,,SUBMISSION,STARFRUIT,SEASHELLS,4962,1
178200,Remy,SUBMISSION,STARFRUIT,SEASHELLS,4962,1
178500,SUBMISSION,Ruby,STARFRUIT,SEASHELLS,4958,9
178500,Valentina,Ruby,STARFRUIT,SEASHELLS,4956,4
178700,Valentina,Adam,STARFRUIT,SEASHELLS,4957,7
178800,Valentina,Rhianna,STARFRUIT,SEASHELLS,4958,4
179500,,SUBMISSION,STARFRUIT,SEASHELLS,4964,1
179600,Remy,Valentina,AMETHYSTS,SEASHELLS,10002,1
179600,Valentina,Adam,STARFRUIT,SEASHELLS,4959,7
180000,Valentina,Remy,STARFRUIT,SEASHELLS,4957,1
180300,,SUBMISSION,STARFRUIT,SEASHELLS,4961,1
180500,SUBMISSION,Remy,STARFRUIT,SEASHELLS,4957,1
180900,SUBMISSION,Rhianna,AMETHYSTS,SEASHELLS,9999,1
180900,SUBMISSION,Rhianna,AMETHYSTS,SEASHELLS,9999,2
181000,Remy,SUBMISSION,AMETHYSTS,SEASHELLS,10000,1
181200,SUBMISSION,,AMETHYSTS,SEASHELLS,9998,10
181200,,SUBMISSION,STARFRUIT,SEASHELLS,4962,1
181400,Valentina,Remy,STARFRUIT,SEASHELLS,4957,1
181500,SUBMISSION,Ruby,STARFRUIT,SEASHELLS,4958,2
181600,Vinnie,Ruby,AMETHYSTS,SEASHELLS,9996,1
181800,Remy,SUBMISSION,AMETHYSTS,SEASHELLS,10001,2
181800,Remy,SUBMISSION,STARFRUIT,SEASHELLS,4960,2
182300,SUBMISSION,,AMETHYSTS,SEASHELLS,9998,3
182300,SUBMISSION,Rhianna,AMETHYSTS,SEASHELLS,9998,3
182300,SUBMISSION,Rhianna,AMETHYSTS,SEASHELLS,9998,1
182500,,SUBMISSION,AMETHYSTS,SEASHELLS,10002,1
182500,Remy,SUBMISSION,AMETHYSTS,SEASHELLS,10002,1
182700,Vinnie,Ruby,AMETHYSTS,SEASHELLS,9996,2
182900,Remy,Valentina,AMETHYSTS,SEASHELLS,10002,1
183100,,SUBMISSION,AMETHYSTS,SEASHELLS,10002,1
183100,Rhianna,SUBMISSION,AMETHYSTS,SEASHELLS,10002,1
183100,SUBMISSION,Remy,STARFRUIT,SEASHELLS,4959,1
183300,,SUBMISSION,AMETHYSTS,SEASHELLS,10002,1
183300,,SUBMISSION,STARFRUIT,SEASHELLS,4962,1
183400,SUBMISSION,Remy,STARFRUIT,SEASHELLS,4958,1
183900,,SUBMISSION,AMETHYSTS,SEASHELLS,10002,1
183900,Remy,SUBMISSION,AMETHYSTS,SEASHELLS,10002,1
184000,,SUBMISSION,STARFRUIT,SEASHELLS,4961,9
184200,SUBMISSION,Remy,STARFRUIT,SEASHELLS,4957,1
184400,Amelia,SUBMISSION,STARFRUIT,SEASHELLS,4958,9
184800,SUBMISSION,Ruby,AMETHYSTS,SEASHELLS,10000,2
185000,SUBMISSION,Remy,AMETHYSTS,SEASHELLS,9998,1
185000,SUBMISSION,Remy,STARFRUIT,SEASHELLS,4957,1
185200,,SUBMISSION,AMETHYSTS,SEASHELLS,10002,1
185500,SUBMISSION,Amelia,STARFRUIT,SEASHELLS,4957,6
185500,Vladimir,Amelia,STARFRUIT,SEASHELLS,4956,1
185500,Valentina,Amelia,STARFRUIT,SEASHELLS,4956,7
186000,SUBMISSION,Remy,AMETHYSTS,SEASHELLS,9998,1
186000,SUBMISSION,Remy,STARFRUIT,SEASHELLS,4957,1
186500,SUBMISSION,Remy,AMETHYSTS,SEASHELLS,9999,1
186500,SUBMISSION,Remy,STARFRUIT,SEASHELLS,4957,1
186800,SUBMISSION,Ruby,AMETHYSTS,SEASHELLS,9999,6
186800,SUBMISSION,Remy,AMETHYSTS,SEASHELLS,9999,1
186800,SUBMISSION,Remy,STARFRUIT,SEASHELLS,4957,1
186900,Amelia,SUBMISSION,AMETHYSTS,SEASHELLS,10003,4
186900,Amelia,Valentina,AMETHYSTS,SEASHELLS,10004,5
186900,Rhianna,Valentina,AMETHYSTS,SEASHELLS,10002,5
186900,Amelia,Vinnie,AMETHYSTS,SEASHELLS,10004,2
187300,Valentina,SUBMISSION,AMETHYSTS,SEASHELLS,9998,2
187300,,SUBMISSION,STARFRUIT,SEASHELLS,4959,1
187300,Remy,SUBMISSION,STARFRUIT,SEASHELLS,4959,1
187400,Ruby,SUBMISSION,STARFRUIT,SEASHELLS,4958,10
187400,Ruby,Valentina,STARFRUIT,SEASHELLS,4961,3
187500,Adam,Remy,STARFRUIT,SEASHELLS,4955,1
187600,Amelia,SUBMISSION,STARFRUIT,SEASHELLS,4958,5
187600,Amelia,Valentina,STARFRUIT,SEASHELLS,4961,10
187700,Remy,SUBMISSION,STARFRUIT,SEASHELLS,4958,1
187900,,SUBMISSION,AMETHYSTS,SEASHELLS,10002,10
187900,,SUBMISSION,AMETHYSTS,SEASHELLS,10002,1
188400,SUBMISSION,Remy,STARFRUIT,SEASHELLS,4956,1
188700,Remy,Valentina,STARFRUIT,SEASHELLS,4958,1
188700,Remy,Valentina,AMETHYSTS,SEASHELLS,10002,1
188900,Remy,Valentina,STARFRUIT,SEASHELLS,4958,1
189000,Remy,Valentina,AMETHYSTS,SEASHELLS,10002,1
189300,SUBMISSION,Remy,STARFRUIT,SEASHELLS,4955,1
189500,SUBMISSION,Ruby,STARFRUIT,SEASHELLS,4955,2
189700,Remy,SUBMISSION,AMETHYSTS,SEASHELLS,10001,1
189700,Remy,SUBMISSION,STARFRUIT,SEASHELLS,4958,1
189800,Amelia,Valentina,STARFRUIT,SEASHELLS,4961,11
189900,SUBMISSION,Remy,AMETHYSTS,SEASHELLS,9999,1
190000,SUBMISSION,,AMETHYSTS,SEASHELLS,9998,5
190400,Ruby,SUBMISSION,AMETHYSTS,SEASHELLS,10000,1
190400,Ruby,SUBMISSION,AMETHYSTS,SEASHELLS,10000,4
190600,SUBMISSION,,AMETHYSTS,SEASHELLS,9998,5
191000,,SUBMISSION,AMETHYSTS,SEASHELLS,10002,1
191300,Ruby,SUBMISSION,STARFRUIT,SEASHELLS,4957,3
191300,Ruby,Valentina,STARFRUIT,SEASHELLS,4960,4
191500,SUBMISSION,Remy,AMETHYSTS,SEASHELLS,9999,2
191500,SUBMISSION,Remy,STARFRUIT,SEASHELLS,4955,2
191600,SUBMISSION,,AMETHYSTS,SEASHELLS,9998,3
191600,SUBMISSION,Rhianna,AMETHYSTS,SEASHELLS,9998,3
191600,SUBMISSION,,STARFRUIT,SEASHELLS,4954,1
191600,SUBMISSION,Remy,STARFRUIT,SEASHELLS,4954,1
191900,,SUBMISSION,AMETHYSTS,SEASHELLS,10002,1
191900,Remy,SUBMISSION,AMETHYSTS,SEASHELLS,10002,1
192100,SUBMISSION,,STARFRUIT,SEASHELLS,4955,3
192400,SUBMISSION,,STARFRUIT,SEASHELLS,4955,8
192700,,SUBMISSION,AMETHYSTS,SEASHELLS,10002,1
192800,,SUBMISSION,STARFRUIT,SEASHELLS,4959,4
193100,SUBMISSION,,STARFRUIT,SEASHELLS,4955,3
193100,SUBMISSION,Remy,STARFRUIT,SEASHELLS,4955,1
193400,Rhianna,Valentina,AMETHYSTS,SEASHELLS,10002,2
193600,Amelia,SUBMISSION,STARFRUIT,SEASHELLS,4957,9
193600,Amelia,Valentina,STARFRUIT,SEASHELLS,4958,1
193600,Amelia,Remy,STARFRUIT,SEASHELLS,4958,2
193600,Amelia,Vladimir,STARFRUIT,SEASHELLS,4958,3
193600,Valentina,Remy,AMETHYSTS,SEASHELLS,9995,2
194300,,SUBMISSION,AMETHYSTS,SEASHELLS,10002,1
194600,Remy,SUBMISSION,AMETHYSTS,SEASHELLS,9998,2
194600,Remy,SUBMISSION,STARFRUIT,SEASHELLS,4955,2
195200,SUBMISSION,,AMETHYSTS,SEASHELLS,9998,5
195300,Ruby,SUBMISSION,STARFRUIT,SEASHELLS,4956,4
195300,Ruby,Valentina,STARFRUIT,SEASHELLS,4958,7
195700,Remy,Valentina,AMETHYSTS,SEASHELLS,10002,1
196100,SUBMISSION,Remy,STARFRUIT,SEASHELLS,4952,1
196400,SUBMISSION,,STARFRUIT,SEASHELLS,4952,1
196400,SUBMISSION,Remy,STARFRUIT,SEASHELLS,4952,1
196600,SUBMISSION,Remy,AMETHYSTS,SEASHELLS,9999,1
196600,Remy,Valentina,STARFRUIT,SEASHELLS,4956,1
196700,SUBMISSION,Remy,AMETHYSTS,SEASHELLS,9999,2
196700,SUBMISSION,,STARFRUIT,SEASHELLS,4953,2
196700,SUBMISSION,Remy,STARFRUIT,SEASHELLS,4953,2
196800,SUBMISSION,,STARFRUIT,SEASHELLS,4952,5
196800,SUBMISSION,Rhianna,STARFRUIT,SEASHELLS,4952,5
196800,Valentina,Rhianna,AMETHYSTS,SEASHELLS,9998,4
197100,Valentina,Rhianna,AMETHYSTS,SEASHELLS,9998,4
197200,,SUBMISSION,AMETHYSTS,SEASHELLS,10002,1
197200,Remy,SUBMISSION,AMETHYSTS,SEASHELLS,10002,1
197300,Remy,SUBMISSION,AMETHYSTS,SEASHELLS,10001,2
197300,Remy,SUBMISSION,STARFRUIT,SEASHELLS,4953,1
197300,Remy,SUBMISSION,STARFRUIT,SEASHELLS,4953,1
197400,Valentina,Rhianna,AMETHYSTS,SEASHELLS,9998,4
197600,Valentina,Remy,AMETHYSTS,SEASHELLS,9998,1
197700,,SUBMISSION,AMETHYSTS,SEASHELLS,10002,8
197900,SUBMISSION,,AMETHYSTS,SEASHELLS,9998,5
197900,SUBMISSION,Rhianna,AMETHYSTS,SEASHELLS,9998,5
198000,Remy,SUBMISSION,AMETHYSTS,SEASHELLS,10001,1
198000,Remy,SUBMISSION,STARFRUIT,SEASHELLS,4953,1
198100,Remy,Valentina,STARFRUIT,SEASHELLS,4954,1
198400,SUBMISSION,Remy,STARFRUIT,SEASHELLS,4950,1
198400,Valentina,SUBMISSION,STARFRUIT,SEASHELLS,4952,2
198500,SUBMISSION,Ruby,STARFRUIT,SEASHELLS,4951,8
198500,Valentina,Ruby,STARFRUIT,SEASHELLS,4949,3
198700,Valentina,Rhianna,AMETHYSTS,SEASHELLS,9998,5
198900,,SUBMISSION,STARFRUIT,SEASHELLS,4954,1
198900,Remy,SUBMISSION,STARFRUIT,SEASHELLS,4954,1
199000,SUBMISSION,Remy,AMETHYSTS,SEASHELLS,9999,1
199000,SUBMISSION,Remy,STARFRUIT,SEASHELLS,4950,1
199000,Rhianna,SUBMISSION,STARFRUIT,SEASHELLS,4952,8
199000,Rhianna,Valentina,STARFRUIT,SEASHELLS,4955,6
199000,Rhianna,Vinnie,STARFRUIT,SEASHELLS,4954,1
199400,Remy,SUBMISSION,AMETHYSTS,SEASHELLS,10000,2
199400,Remy,SUBMISSION,STARFRUIT,SEASHELLS,4953,1
199400,Remy,SUBMISSION,STARFRUIT,SEASHELLS,4953,1
199500,Rhianna,SUBMISSION,STARFRUIT,SEASHELLS,4953,5
199700,,SUBMISSION,AMETHYSTS,SEASHELLS,10002,1
199900,SUBMISSION,Remy,STARFRUIT,SEASHELLS,4951,1
200100,SUBMISSION,Ruby,AMETHYSTS,SEASHELLS,9997,1
200200,Rhianna,SUBMISSION,STARFRUIT,SEASHELLS,4955,3
200300,SUBMISSION,Remy,STARFRUIT,SEASHELLS,4953,1
200300,SUBMISSION,Remy,STARFRUIT,SEASHELLS,4953,1
200300,Vinnie,Remy,AMETHYSTS,SEASHELLS,9996,1
200300,Valentina,Remy,AMETHYSTS,SEASHELLS,9996,1
200400,Ruby,SUBMISSION,AMETHYSTS,SEASHELLS,10001,7
200400,Ruby,SUBMISSION,AMETHYSTS,SEASHELLS,10001,1
200500,Remy,SUBMISSION,AMETHYSTS,SEASHELLS,10001,2
200500,Remy,SUBMISSION,STARFRUIT,SEASHELLS,4956,2
200600,Ruby,SUBMISSION,AMETHYSTS,SEASHELLS,10000,2
200600,Ruby,SUBMISSION,AMETHYSTS,SEASHELLS,10000,1
200600,SUBMISSION,Remy,STARFRUIT,SEASHELLS,4954,2
201700,SUBMISSION,,AMETHYSTS,SEASHELLS,9998,1
201700,SUBMISSION,Rhianna,AMETHYSTS,SEASHELLS,9998,1
201700,SUBMISSION,Ruby,AMETHYSTS,SEASHELLS,9998,2
201700,SUBMISSION,Ruby,AMETHYSTS,SEASHELLS,9998,1
201900,SUBMISSION,,AMETHYSTS,SEASHELLS,9998,1
201900,SUBMISSION,Remy,AMETHYSTS,SEASHELLS,9998,1
202300,Amelia,SUBMISSION,STARFRUIT,SEASHELLS,4958,4
202300,Amelia,Valentina,STARFRUIT,SEASHELLS,4961,4
202400,SUBMISSION,Remy,STARFRUIT,SEASHELLS,4956,1
202800,SUBMISSION,,AMETHYSTS,SEASHELLS,9998,1
202800,SUBMISSION,Remy,AMETHYSTS,SEASHELLS,9998,1
202900,SUBMISSION,Remy,AMETHYSTS,SEASHELLS,9999,1
202900,SUBMISSION,Remy,STARFRUIT,SEASHELLS,4957,2
203100,,SUBMISSION,AMETHYSTS,SEASHELLS,10002,4
203200,SUBMISSION,,STARFRUIT,SEASHELLS,4957,2
203600,Valentina,SUBMISSION,STARFRUIT,SEASHELLS,4957,2
203800,SUBMISSION,,AMETHYSTS,SEASHELLS,9998,1
203800,SUBMISSION,Remy,AMETHYSTS,SEASHELLS,9998,1
203900,Remy,SUBMISSION,AMETHYSTS,SEASHELLS,9998,2
203900,Remy,SUBMISSION,STARFRUIT,SEASHELLS,4959,2
204200,Remy,SUBMISSION,AMETHYSTS,SEASHELLS,10001,1
204200,Adam,Valentina,STARFRUIT,SEASHELLS,4961,4
204200,Adam,Rhianna,STARFRUIT,SEASHELLS,4958,4
204200,Amelia,Valentina,STARFRUIT,SEASHELLS,4963,11
204400,Remy,SUBMISSION,AMETHYSTS,SEASHELLS,10000,1
204600,Vinnie,Amelia,AMETHYSTS,SEASHELLS,10000,3
204800,SUBMISSION,Remy,AMETHYSTS,SEASHELLS,9998,1
204800,SUBMISSION,Rhianna,AMETHYSTS,SEASHELLS,9998,4
204800,Adam,SUBMISSION,AMETHYSTS,SEASHELLS,10000,6
204800,SUBMISSION,,STARFRUIT,SEASHELLS,4958,1
204900,Remy,Valentina,STARFRUIT,SEASHELLS,4961,1
205000,SUBMISSION,,STARFRUIT,SEASHELLS,4958,4
205200,SUBMISSION,Remy,AMETHYSTS,SEASHELLS,9999,2
205200,SUBMISSION,Remy,STARFRUIT,SEASHELLS,4958,2
205300,Remy,SUBMISSION,AMETHYSTS,SEASHELLS,10001,1
205300,Remy,SUBMISSION,STARFRUIT,SEASHELLS,4960,1
205600,SUBMISSION,Ruby,AMETHYSTS,SEASHELLS,9999,7
205600,Valentina,Ruby,AMETHYSTS,SEASHELLS,9995,1
205900,SUBMISSION,Rhianna,AMETHYSTS,SEASHELLS,9999,1
206200,Valentina,Remy,AMETHYSTS,SEASHELLS,9998,1
206400,SUBMISSION,Remy,AMETHYSTS,SEASHELLS,9999,1
206400,SUBMISSION,Remy,STARFRUIT,SEASHELLS,4959,1
206600,,SUBMISSION,AMETHYSTS,SEASHELLS,10002,1
206600,SUBMISSION,Ruby,STARFRUIT,SEASHELLS,4958,1
206600,SUBMISSION,Ruby,STARFRUIT,SEASHELLS,4958,3
207100,Remy,SUBMISSION,AMETHYSTS,SEASHELLS,10001,2
207100,Remy,SUBMISSION,STARFRUIT,SEASHELLS,4961,2
207200,SUBMISSION,Remy,STARFRUIT,SEASHELLS,4958,1
207300,SUBMISSION,Remy,STARFRUIT,SEASHELLS,4958,1
207700,Remy,Valentina,STARFRUIT,SEASHELLS,4963,1
207800,SUBMISSION,,AMETHYSTS,SEASHELLS,9998,4
207800,SUBMISSION,Rhianna,AMETHYSTS,SEASHELLS,9998,4
208000,SUBMISSION,Remy,STARFRUIT,SEASHELLS,4960,1
208100,Ruby,SUBMISSION,STARFRUIT,SEASHELLS,4962,9
208100,Ruby,Valentina,STARFRUIT,SEASHELLS,4965,5
208200,Remy,Valentina,STARFRUIT,SEASHELLS,4963,1
208400,SUBMISSION,Remy,STARFRUIT,SEASHELLS,4959,1
208500,Valentina,Remy,AMETHYSTS,SEASHELLS,9998,1
208600,,SUBMISSION,AMETHYSTS,SEASHELLS,10002,9
209000,SUBMISSION,,AMETHYSTS,SEASHELLS,9998,4
209000,SUBMISSION,Rhianna,AMETHYSTS,SEASHELLS,9998,4
209300,SUBMISSION,Remy,AMETHYSTS,SEASHELLS,9998,1
209300,SUBMISSION,Remy,STARFRUIT,SEASHELLS,4960,1
209600,SUBMISSION,,STARFRUIT,SEASHELLS,4959,1
209600,SUBMISSION,Remy,STARFRUIT,SEASHELLS,4959,1
209700,SUBMISSION,,STARFRUIT,SEASHELLS,4960,5
209700,SUBMISSION,Rhianna,STARFRUIT,SEASHELLS,4960,5
209900,SUBMISSION,Remy,AMETHYSTS,SEASHELLS,9998,2
209900,SUBMISSION,Remy,STARFRUIT,SEASHELLS,4960,2
210000,SUBMISSION,Ruby,AMETHYSTS,SEASHELLS,9996,4
210000,Valentina,SUBMISSION,AMETHYSTS,SEASHELLS,9998,1
210000,Valentina,SUBMISSION,STARFRUIT,SEASHELLS,4961,3
210100,,SUBMISSION,STARFRUIT,SEASHELLS,4962,5
210200,Amelia,SUBMISSION,STARFRUIT,SEASHELLS,4961,8
210200,Amelia,Valentina,STARFRUIT,SEASHELLS,4964,3
210400,Remy,Adam,AMETHYSTS,SEASHELLS,10002,1
210900,SUBMISSION,,STARFRUIT,SEASHELLS,4958,1
211300,Remy,Valentina,STARFRUIT,SEASHELLS,4963,1
211400,SUBMISSION,,STARFRUIT,SEASHELLS,4959,1
212500,Remy,Valentina,STARFRUIT,SEASHELLS,4964,1
212700,SUBMISSION,Ruby,AMETHYSTS,SEASHELLS,9999,2
212700,SUBMISSION,Remy,STARFRUIT,SEASHELLS,4960,1
212800,,SUBMISSION,AMETHYSTS,SEASHELLS,10002,3
212800,Rhianna,SUBMISSION,AMETHYSTS,SEASHELLS,10002,3
212900,Valentina,Rhianna,AMETHYSTS,SEASHELLS,9998,5
213100,Vladimir,Rhianna,AMETHYSTS,SEASHELLS,9998,1
213100,Valentina,Rhianna,AMETHYSTS,SEASHELLS,9998,3
213400,SUBMISSION,Rhianna,AMETHYSTS,SEASHELLS,9999,2
214400,Amelia,SUBMISSION,AMETHYSTS,SEASHELLS,10001,2
214600,SUBMISSION,Remy,AMETHYSTS,SEASHELLS,9999,1
214700,SUBMISSION,Remy,STARFRUIT,SEASHELLS,4959,1
214800,Valentina,SUBMISSION,STARFRUIT,SEASHELLS,4959,3
214900,SUBMISSION,,STARFRUIT,SEASHELLS,4957,1
215100,Remy,SUBMISSION,AMETHYSTS,SEASHELLS,10001,2
215100,Remy,SUBMISSION,STARFRUIT,SEASHELLS,4960,2
215200,Remy,SUBMISSION,AMETHYSTS,SEASHELLS,9999,1
215200,Valentina,SUBMISSION,STARFRUIT,SEASHELLS,4959,4
215200,Valentina,Vinnie,STARFRUIT,SEASHELLS,4959,1
215400,Valentina,SUBMISSION,STARFRUIT,SEASHELLS,4958,2
215400,Valentina,Vinnie,STARFRUIT,SEASHELLS,4958,1
216300,,SUBMISSION,AMETHYSTS,SEASHELLS,10002,3
216400,Valentina,SUBMISSION,STARFRUIT,SEASHELLS,4957,1
216400,Valentina,Vinnie,STARFRUIT,SEASHELLS,4957,5
216500,Remy,SUBMISSION,AMETHYSTS,SEASHELLS,10001,1
216500,SUBMISSION,Remy,STARFRUIT,SEASHELLS,4957,1
216700,SUBMISSION,Remy,STARFRUIT,SEASHELLS,4957,1
216700,Valentina,Ruby,STARFRUIT,SEASHELLS,4955,8
217100,Remy,SUBMISSION,AMETHYSTS,SEASHELLS,10001,1
217100,SUBMISSION,,STARFRUIT,SEASHELLS,4956,3
217100,SUBMISSION,Rhianna,STARFRUIT,SEASHELLS,4956,1
217100,SUBMISSION,Rhianna,STARFRUIT,SEASHELLS,4956,2
217500,,SUBMISSION,AMETHYSTS,SEASHELLS,10002,1
217500,Remy,SUBMISSION,AMETHYSTS,SEASHELLS,10002,1
217600,SUBMISSION,,STARFRUIT,SEASHELLS,4958,2
217900,SUBMISSION,Remy,AMETHYSTS,SEASHELLS,9999,1
217900,SUBMISSION,Remy,STARFRUIT,SEASHELLS,4959,1
218100,Valentina,Remy,AMETHYSTS,SEASHELLS,9998,1
218400,Remy,SUBMISSION,AMETHYSTS,SEASHELLS,10001,1
218400,Remy,Valentina,STARFRUIT,SEASHELLS,4964,1
219500,Remy,Ruby,STARFRUIT,SEASHELLS,4959,1
219700,SUBMISSION,,AMETHYSTS,SEASHELLS,9998,1
219900,Remy,Valentina,STARFRUIT,SEASHELLS,4958,1
220100,SUBMISSION,Remy,AMETHYSTS,SEASHELLS,9999,1
220100,Remy,Remy,STARFRUIT,SEASHELLS,4958,1
220300,,SUBMISSION,AMETHYSTS,SEASHELLS,10002,1
220300,Remy,SUBMISSION,AMETHYSTS,SEASHELLS,10002,1
220300,SUBMISSION,Remy,STARFRUIT,SEASHELLS,4954,2
220800,SUBMISSION,,STARFRUIT,SEASHELLS,4954,1
220800,SUBMISSION,Remy,STARFRUIT,SEASHELLS,4954,1
221500,Remy,Valentina,STARFRUIT,SEASHELLS,4958,1
221700,SUBMISSION,Remy,STARFRUIT,SEASHELLS,4954,1
221800,SUBMISSION,Amelia,STARFRUIT,SEASHELLS,4954,9
221800,Valentina,SUBMISSION,STARFRUIT,SEASHELLS,4956,6
221800,Valentina,Amelia,STARFRUIT,SEASHELLS,4953,3
221900,SUBMISSION,,AMETHYSTS,SEASHELLS,9998,1
221900,,SUBMISSION,STARFRUIT,SEASHELLS,4958,1
222500,Remy,SUBMISSION,STARFRUIT,SEASHELLS,4958,2
222500,Remy,Remy,AMETHYSTS,SEASHELLS,9998,1
222600,,SUBMISSION,AMETHYSTS,SEASHELLS,10002,4
222600,Rhianna,SUBMISSION,AMETHYSTS,SEASHELLS,10002,1
222900,Ruby,SUBMISSION,AMETHYSTS,SEASHELLS,10001,8
223200,SUBMISSION,Remy,STARFRUIT,SEASHELLS,4957,1
223200,Rhianna,Valentina,AMETHYSTS,SEASHELLS,10002,1
223400,,SUBMISSION,STARFRUIT,SEASHELLS,4960,1
223400,Remy,SUBMISSION,STARFRUIT,SEASHELLS,4960,1
223900,Amelia,SUBMISSION,STARFRUIT,SEASHELLS,4957,8
223900,Rhianna,Valentina,AMETHYSTS,SEASHELLS,10002,3
223900,Amelia,Valentina,STARFRUIT,SEASHELLS,4960,7
224300,Remy,SUBMISSION,AMETHYSTS,SEASHELLS,10001,2
224300,Remy,SUBMISSION,STARFRUIT,SEASHELLS,4957,2
224500,Remy,SUBMISSION,AMETHYSTS,SEASHELLS,10002,1
224500,Remy,SUBMISSION,STARFRUIT,SEASHELLS,4958,1
224600,SUBMISSION,Remy,STARFRUIT,SEASHELLS,4955,1
224800,Ruby,SUBMISSION,AMETHYSTS,SEASHELLS,10001,3
224800,Ruby,Valentina,AMETHYSTS,SEASHELLS,10005,4
224900,SUBMISSION,Remy,STARFRUIT,SEASHELLS,4956,1
225000,Rhianna,Valentina,STARFRUIT,SEASHELLS,4958,4
225500,Valentina,SUBMISSION,STARFRUIT,SEASHELLS,4955,3
225800,SUBMISSION,Remy,STARFRUIT,SEASHELLS,4955,1
226000,SUBMISSION,Remy,AMETHYSTS,SEASHELLS,9999,1
226000,SUBMISSION,Remy,STARFRUIT,SEASHELLS,4954,2
226000,Valentina,Remy,AMETHYSTS,SEASHELLS,9995,1
226100,Remy,SUBMISSION,AMETHYSTS,SEASHELLS,10001,1
226100,Remy,SUBMISSION,STARFRUIT,SEASHELLS,4956,1
226300,Remy,SUBMISSION,AMETHYSTS,SEASHELLS,10000,1
226300,Adam,Valentina,STARFRUIT,SEASHELLS,4956,5
226300,Adam,Ruby,STARFRUIT,SEASHELLS,4956,5
226500,Remy,Valentina,AMETHYSTS,SEASHELLS,10002,1
226700,SUBMISSION,Remy,STARFRUIT,SEASHELLS,4953,1
226800,Remy,SUBMISSION,STARFRUIT,SEASHELLS,4953,1
226800,Valentina,SUBMISSION,STARFRUIT,SEASHELLS,4953,3
226800,Valentina,Vinnie,STARFRUIT,SEASHELLS,4953,1
226900,SUBMISSION,,STARFRUIT,SEASHELLS,4951,2
227400,SUBMISSION,Rhianna,AMETHYSTS,SEASHELLS,9999,1
227400,Vladimir,Rhianna,AMETHYSTS,SEASHELLS,9998,4
227500,SUBMISSION,Remy,STARFRUIT,SEASHELLS,4952,1
227600,SUBMISSION,Ruby,AMETHYSTS,SEASHELLS,9999,1
227600,Vladimir,Ruby,AMETHYSTS,SEASHELLS,9998,2
227600,Vladimir,Remy,AMETHYSTS,SEASHELLS,9998,1
227600,Valentina,Ruby,AMETHYSTS,SEASHELLS,9998,3
227600,Remy,Valentina,STARFRUIT,SEASHELLS,4955,1
227700,SUBMISSION,Rhianna,AMETHYSTS,SEASHELLS,9999,2
227700,Remy,SUBMISSION,AMETHYSTS,SEASHELLS,10001,1
227700,Remy,SUBMISSION,STARFRUIT,SEASHELLS,4954,1
227700,Vladimir,Rhianna,AMETHYSTS,SEASHELLS,9998,2
227800,SUBMISSION,Remy,STARFRUIT,SEASHELLS,4951,1
227900,Remy,Valentina,STARFRUIT,SEASHELLS,4954,1
228300,SUBMISSION,Rhianna,AMETHYSTS,SEASHELLS,9999,2
228300,Vladimir,Rhianna,AMETHYSTS,SEASHELLS,9998,2
228500,SUBMISSION,,AMETHYSTS,SEASHELLS,9998,1
228600,SUBMISSION,,AMETHYSTS,SEASHELLS,9998,5
228700,SUBMISSION,Remy,AMETHYSTS,SEASHELLS,9999,1
229200,Ruby,SUBMISSION,AMETHYSTS,SEASHELLS,10001,7
229200,Ruby,Valentina,AMETHYSTS,SEASHELLS,10005,1
229500,SUBMISSION,,AMETHYSTS,SEASHELLS,9998,10
229600,Ruby,SUBMISSION,AMETHYSTS,SEASHELLS,10000,4
230000,Remy,Valentina,AMETHYSTS,SEASHELLS,10002,1
230400,SUBMISSION,,STARFRUIT,SEASHELLS,4951,1
230400,SUBMISSION,Remy,STARFRUIT,SEASHELLS,4951,1
230600,SUBMISSION,Remy,AMETHYSTS,SEASHELLS,9999,2
230600,Rhianna,Valentina,STARFRUIT,SEASHELLS,4954,2
230600,Remy,Vladimir,STARFRUIT,SEASHELLS,4955,1
230600,Rhianna,Remy,STARFRUIT,SEASHELLS,4954,2
231100,SUBMISSION,,AMETHYSTS,SEASHELLS,9998,10
231100,Remy,Valentina,STARFRUIT,SEASHELLS,4956,1
231500,,SUBMISSION,AMETHYSTS,SEASHELLS,10002,6
231500,SUBMISSION,,STARFRUIT,SEASHELLS,4954,2
232500,SUBMISSION,Remy,STARFRUIT,SEASHELLS,4955,1
232700,SUBMISSION,,AMETHYSTS,SEASHELLS,9998,2
232700,SUBMISSION,Rhianna,AMETHYSTS,SEASHELLS,9998,2
232700,SUBMISSION,,STARFRUIT,SEASHELLS,4953,1
232700,SUBMISSION,Remy,STARFRUIT,SEASHELLS,4953,1
233000,Valentina,Rhianna,AMETHYSTS,SEASHELLS,9998,4
233100,Remy,SUBMISSION,AMETHYSTS,SEASHELLS,10000,1
233100,Remy,SUBMISSION,STARFRUIT,SEASHELLS,4958,1
233200,Valentina,SUBMISSION,AMETHYSTS,SEASHELLS,9998,1
233500,Remy,SUBMISSION,AMETHYSTS,SEASHELLS,10001,1
233600,SUBMISSION,,AMETHYSTS,SEASHELLS,9998,1
233900,SUBMISSION,Ruby,STARFRUIT,SEASHELLS,4955,4
234500,SUBMISSION,Remy,AMETHYSTS,SEASHELLS,9999,1
234500,SUBMISSION,Remy,STARFRUIT,SEASHELLS,4956,1
234800,Valentina,Rhianna,AMETHYSTS,SEASHELLS,9998,1
235000,,SUBMISSION,AMETHYSTS,SEASHELLS,10002,1
235300,SUBMISSION,,AMETHYSTS,SEASHELLS,9998,1
235400,Valentina,Remy,AMETHYSTS,SEASHELLS,9998,1
235400,Remy,Valentina,STARFRUIT,SEASHELLS,4960,1
235700,,SUBMISSION,AMETHYSTS,SEASHELLS,10002,1
235700,Remy,SUBMISSION,AMETHYSTS,SEASHELLS,10002,1
235800,SUBMISSION,,STARFRUIT,SEASHELLS,4957,3
236100,SUBMISSION,,AMETHYSTS,SEASHELLS,9998,1
236100,SUBMISSION,Amelia,AMETHYSTS,SEASHELLS,9998,9
236100,SUBMISSION,Amelia,AMETHYSTS,SEASHELLS,9997,3
236100,SUBMISSION,Ruby,AMETHYSTS,SEASHELLS,9997,5
236100,Valentina,Remy,AMETHYSTS,SEASHELLS,9998,1
236400,SUBMISSION,Remy,AMETHYSTS,SEASHELLS,9996,1
236400,Valentina,SUBMISSION,AMETHYSTS,SEASHELLS,9998,1
236400,SUBMISSION,Remy,STARFRUIT,SEASHELLS,4958,2
236400,Vinnie,Remy,AMETHYSTS,SEASHELLS,9996,1
236500,SUBMISSION,Ruby,AMETHYSTS,SEASHELLS,9999,1
236500,SUBMISSION,Remy,STARFRUIT,SEASHELLS,4959,1
236500,Amelia,SUBMISSION,STARFRUIT,SEASHELLS,4961,8
236500,Valentina,Ruby,AMETHYSTS,SEASHELLS,9995,1
236500,Amelia,Valentina,STARFRUIT,SEASHELLS,4964,5
236600,Vinnie,Ruby,AMETHYSTS,SEASHELLS,10000,3
236700,SUBMISSION,,STARFRUIT,SEASHELLS,4957,1
236700,SUBMISSION,Remy,STARFRUIT,SEASHELLS,4957,1
236900,Valentina,SUBMISSION,STARFRUIT,SEASHELLS,4958,4
237000,Remy,SUBMISSION,STARFRUIT,SEASHELLS,4959,1
237000,Remy,Valentina,AMETHYSTS,SEASHELLS,10005,1
237000,Ruby,Vinnie,AMETHYSTS,SEASHELLS,10004,1
237100,Valentina,Remy,AMETHYSTS,SEASHELLS,9998,1
237100,Valentina,Ruby,AMETHYSTS,SEASHELLS,9995,4
237200,SUBMISSION,,STARFRUIT,SEASHELLS,4956,6
237200,SUBMISSION,Adam,STARFRUIT,SEASHELLS,4956,1
237700,SUBMISSION,Remy,STARFRUIT,SEASHELLS,4957,1
237900,Remy,SUBMISSION,STARFRUIT,SEASHELLS,4959,1
237900,Remy,Vinnie,AMETHYSTS,SEASHELLS,10004,1
238000,Remy,SUBMISSION,STARFRUIT,SEASHELLS,4959,1
238000,Remy,Vinnie,AMETHYSTS,SEASHELLS,10004,1
238300,Amelia,SUBMISSION,STARFRUIT,SEASHELLS,4959,9
238300,Amelia,Valentina,STARFRUIT,SEASHELLS,4961,4
238700,,SUBMISSION,AMETHYSTS,SEASHELLS,10002,1
238700,Remy,SUBMISSION,AMETHYSTS,SEASHELLS,10002,1
238700,SUBMISSION,Remy,STARFRUIT,SEASHELLS,4955,2
239100,SUBMISSION,Remy,STARFRUIT,SEASHELLS,4954,1
239200,Remy,Valentina,STARFRUIT,SEASHELLS,4958,1
239300,Rhianna,SUBMISSION,STARFRUIT,SEASHELLS,4956,5
239400,,SUBMISSION,AMETHYSTS,SEASHELLS,10002,1
239400,Remy,SUBMISSION,AMETHYSTS,SEASHELLS,10002,1
239800,SUBMISSION,Remy,AMETHYSTS,SEASHELLS,9999,1
240100,SUBMISSION,Remy,AMETHYSTS,SEASHELLS,9999,1
240700,Vladimir,Rhianna,AMETHYSTS,SEASHELLS,9998,1
241000,SUBMISSION,Remy,STARFRUIT,SEASHELLS,4955,1
241200,SUBMISSION,Remy,STARFRUIT,SEASHELLS,4956,1
241200,Amelia,Rhianna,AMETHYSTS,SEASHELLS,9998,3
241300,Vladimir,Adam,AMETHYSTS,SEASHELLS,9998,8
241300,Valentina,Adam,AMETHYSTS,SEASHELLS,9998,4
241400,SUBMISSION,Amelia,AMETHYSTS,SEASHELLS,9999,1
241400,Valentina,Amelia,AMETHYSTS,SEASHELLS,9996,9
241500,SUBMISSION,Remy,STARFRUIT,SEASHELLS,4956,1
241600,Valentina,SUBMISSION,STARFRUIT,SEASHELLS,4957,2
241700,Remy,SUBMISSION,AMETHYSTS,SEASHELLS,10000,1
241700,Remy,SUBMISSION,STARFRUIT,SEASHELLS,4957,2
241700,Remy,Vladimir,AMETHYSTS,SEASHELLS,10002,1
241800,Rhianna,SUBMISSION,AMETHYSTS,SEASHELLS,10001,1
242200,Valentina,Remy,AMETHYSTS,SEASHELLS,9998,1
242300,,SUBMISSION,AMETHYSTS,SEASHELLS,10002,1
242300,Remy,SUBMISSION,AMETHYSTS,SEASHELLS,10002,1
242400,SUBMISSION,Amelia,STARFRUIT,SEASHELLS,4956,3
242400,Valentina,Amelia,STARFRUIT,SEASHELLS,4954,8
242600,Remy,Valentina,STARFRUIT,SEASHELLS,4958,1
242800,Ruby,SUBMISSION,AMETHYSTS,SEASHELLS,10001,3
242800,Ruby,Valentina,AMETHYSTS,SEASHELLS,10005,5
242900,Remy,SUBMISSION,STARFRUIT,SEASHELLS,4957,1
243100,SUBMISSION,Remy,STARFRUIT,SEASHELLS,4955,1
243200,Ruby,SUBMISSION,AMETHYSTS,SEASHELLS,10001,4
243200,SUBMISSION,,STARFRUIT,SEASHELLS,4953,3
243200,SUBMISSION,Rhianna,STARFRUIT,SEASHELLS,4953,3
243300,SUBMISSION,Rhianna,AMETHYSTS,SEASHELLS,9999,3
243400,SUBMISSION,Remy,AMETHYSTS,SEASHELLS,9999,1
243400,Remy,Remy,STARFRUIT,SEASHELLS,4957,1
243600,Ruby,Valentina,STARFRUIT,SEASHELLS,4959,10
243600,Adam,Remy,STARFRUIT,SEASHELLS,4952,1
243600,Adam,Valentina,STARFRUIT,SEASHELLS,4957,6
243700,SUBMISSION,Remy,AMETHYSTS,SEASHELLS,9999,1
243700,SUBMISSION,Remy,STARFRUIT,SEASHELLS,4954,2
243900,,SUBMISSION,AMETHYSTS,SEASHELLS,10002,10
243900,,SUBMISSION,AMETHYSTS,SEASHELLS,10002,2
244100,SUBMISSION,,AMETHYSTS,SEASHELLS,9998,1
244100,SUBMISSION,Remy,AMETHYSTS,SEASHELLS,9998,1
244300,SUBMISSION,Amelia,STARFRUIT,SEASHELLS,4954,8
244400,Valentina,Remy,AMETHYSTS,SEASHELLS,9998,1
244700,,SUBMISSION,STARFRUIT,SEASHELLS,4958,1
244700,Remy,SUBMISSION,STARFRUIT,SEASHELLS,4958,1
244900,Remy,SUBMISSION,AMETHYSTS,SEASHELLS,9999,1
245000,Amelia,SUBMISSION,AMETHYSTS,SEASHELLS,10000,8
245200,SUBMISSION,Remy,STARFRUIT,SEASHELLS,4956,1
245300,SUBMISSION,Amelia,STARFRUIT,SEASHELLS,4956,7
245300,Valentina,Amelia,STARFRUIT,SEASHELLS,4954,5
245600,,SUBMISSION,STARFRUIT,SEASHELLS,4960,9
246100,Rhianna,Valentina,AMETHYSTS,SEASHELLS,10002,3
246200,Rhianna,Valentina,AMETHYSTS,SEASHELLS,10002,3
246700,Valentina,Rhianna,STARFRUIT,SEASHELLS,4957,4
246900,,SUBMISSION,STARFRUIT,SEASHELLS,4961,1
247100,Valentina,SUBMISSION,AMETHYSTS,SEASHELLS,9998,1
247300,SUBMISSION,Remy,STARFRUIT,SEASHELLS,4958,1
247400,Remy,SUBMISSION,STARFRUIT,SEASHELLS,4960,1
247600,SUBMISSION,Rhianna,AMETHYSTS,SEASHELLS,9999,2
247600,SUBMISSION,Ruby,AMETHYSTS,SEASHELLS,9999,1
247600,SUBMISSION,Ruby,AMETHYSTS,SEASHELLS,9999,3
247600,Valentina,Ruby,AMETHYSTS,SEASHELLS,9998,1
247600,Valentina,Remy,STARFRUIT,SEASHELLS,4957,1
247700,SUBMISSION,,AMETHYSTS,SEASHELLS,9998,5
247700,SUBMISSION,Adam,AMETHYSTS,SEASHELLS,9998,5
247700,SUBMISSION,Remy,AMETHYSTS,SEASHELLS,9997,2
247700,SUBMISSION,Remy,STARFRUIT,SEASHELLS,4958,2
247700,Vladimir,Adam,AMETHYSTS,SEASHELLS,9998,1
247900,SUBMISSION,Amelia,AMETHYSTS,SEASHELLS,9999,5
247900,Valentina,Amelia,AMETHYSTS,SEASHELLS,9996,4
247900,Vinnie,Amelia,AMETHYSTS,SEASHELLS,9996,1
248400,SUBMISSION,Remy,AMETHYSTS,SEASHELLS,9999,1
248400,SUBMISSION,Remy,STARFRUIT,SEASHELLS,4958,1
248700,Valentina,Remy,AMETHYSTS,SEASHELLS,9998,1
248700,Valentina,Adam,STARFRUIT,SEASHELLS,4956,10
249000,,SUBMISSION,AMETHYSTS,SEASHELLS,10002,1
249000,Remy,SUBMISSION,AMETHYSTS,SEASHELLS,10002,1
249300,Valentina,Remy,AMETHYSTS,SEASHELLS,9998,1
249400,SUBMISSION,Remy,AMETHYSTS,SEASHELLS,9999,1
249400,SUBMISSION,Remy,STARFRUIT,SEASHELLS,4958,1
249800,,SUBMISSION,AMETHYSTS,SEASHELLS,10002,1
249800,Remy,SUBMISSION,AMETHYSTS,SEASHELLS,10002,1
249900,,SUBMISSION,AMETHYSTS,SEASHELLS,10002,1
249900,Remy,SUBMISSION,AMETHYSTS,SEASHELLS,10002,1
249900,,SUBMISSION,STARFRUIT,SEASHELLS,4960,1
249900,Remy,SUBMISSION,STARFRUIT,SEASHELLS,4960,1
250200,,SUBMISSION,STARFRUIT,SEASHELLS,4960,1
250500,,SUBMISSION,AMETHYSTS,SEASHELLS,10002,1
250500,Remy,SUBMISSION,AMETHYSTS,SEASHELLS,10002,2
250500,Rhianna,SUBMISSION,AMETHYSTS,SEASHELLS,10002,1
250500,Remy,SUBMISSION,STARFRUIT,SEASHELLS,4959,2
250600,,SUBMISSION,STARFRUIT,SEASHELLS,4960,1
250600,Remy,SUBMISSION,STARFRUIT,SEASHELLS,4960,1
250700,SUBMISSION,Rhianna,AMETHYSTS,SEASHELLS,10000,3
251100,,SUBMISSION,AMETHYSTS,SEASHELLS,10002,5
251100,Rhianna,SUBMISSION,AMETHYSTS,SEASHELLS,10002,5
251300,SUBMISSION,Remy,STARFRUIT,SEASHELLS,4956,1
251500,,SUBMISSION,AMETHYSTS,SEASHELLS,10002,1
251700,SUBMISSION,,AMETHYSTS,SEASHELLS,9998,1
251700,SUBMISSION,Ruby,AMETHYSTS,SEASHELLS,9998,2
251700,SUBMISSION,Remy,AMETHYSTS,SEASHELLS,9998,1
251700,SUBMISSION,Ruby,AMETHYSTS,SEASHELLS,9998,2
251900,SUBMISSION,,STARFRUIT,SEASHELLS,4955,8
251900,SUBMISSION,Adam,STARFRUIT,SEASHELLS,4955,2
251900,SUBMISSION,Adam,STARFRUIT,SEASHELLS,4955,6
251900,SUBMISSION,Ruby,STARFRUIT,SEASHELLS,4955,4
251900,Valentina,Ruby,STARFRUIT,SEASHELLS,4954,11
252000,,SUBMISSION,AMETHYSTS,SEASHELLS,10002,10
252000,,SUBMISSION,AMETHYSTS,SEASHELLS,10002,1
252300,Ruby,SUBMISSION,AMETHYSTS,SEASHELLS,10000,5
252400,Valentina,Vinnie,STARFRUIT,SEASHELLS,4957,2
252600,SUBMISSION,,AMETHYSTS,SEASHELLS,9998,1
252800,SUBMISSION,Remy,AMETHYSTS,SEASHELLS,9999,2
252800,Valentina,Remy,STARFRUIT,SEASHELLS,4956,2
253400,SUBMISSION,,AMETHYSTS,SEASHELLS,9998,5
253500,SUBMISSION,Remy,AMETHYSTS,SEASHELLS,9999,1
253500,Vinnie,Remy,STARFRUIT,SEASHELLS,4955,1
253700,Valentina,Remy,STARFRUIT,SEASHELLS,4955,1
253800,Remy,SUBMISSION,AMETHYSTS,SEASHELLS,10000,1
254000,Remy,SUBMISSION,AMETHYSTS,SEASHELLS,10001,2
254000,Remy,Valentina,STARFRUIT,SEASHELLS,4962,2
254400,Valentina,Vinnie,STARFRUIT,SEASHELLS,4958,3
254700,Remy,SUBMISSION,AMETHYSTS,SEASHELLS,10001,1
254700,Remy,Valentina,STARFRUIT,SEASHELLS,4963,1
254800,Remy,Valentina,AMETHYSTS,SEASHELLS,10002,1
255000,Valentina,Remy,STARFRUIT,SEASHELLS,4955,1
255100,SUBMISSION,,AMETHYSTS,SEASHELLS,9998,10
255100,SUBMISSION,Remy,AMETHYSTS,SEASHELLS,9997,1
255100,Vinnie,Remy,STARFRUIT,SEASHELLS,4956,1
255400,Valentina,Remy,STARFRUIT,SEASHELLS,4956,1
256000,Remy,Vladimir,STARFRUIT,SEASHELLS,4959,1
256100,,SUBMISSION,STARFRUIT,SEASHELLS,4958,4
256100,Rhianna,SUBMISSION,STARFRUIT,SEASHELLS,4958,4
256500,Ruby,SUBMISSION,STARFRUIT,SEASHELLS,4957,4
256500,Ruby,Valentina,STARFRUIT,SEASHELLS,4960,2
256700,Ruby,SUBMISSION,STARFRUIT,SEASHELLS,4957,6
256700,Ruby,Vladimir,STARFRUIT,SEASHELLS,4958,1
256900,Remy,SUBMISSION,STARFRUIT,SEASHELLS,4957,1
257000,Remy,SUBMISSION,AMETHYSTS,SEASHELLS,10000,1
257100,,SUBMISSION,STARFRUIT,SEASHELLS,4959,1
257100,Remy,SUBMISSION,STARFRUIT,SEASHELLS,4959,1
257600,SUBMISSION,Remy,STARFRUIT,SEASHELLS,4956,1
257600,Vinnie,Remy,AMETHYSTS,SEASHELLS,9996,1
258000,Valentina,Remy,AMETHYSTS,SEASHELLS,9998,1
258200,SUBMISSION,Remy,AMETHYSTS,SEASHELLS,9999,2
258200,SUBMISSION,Remy,STARFRUIT,SEASHELLS,4955,2
258400,Ruby,SUBMISSION,AMETHYSTS,SEASHELLS,10001,5
258400,,SUBMISSION,STARFRUIT,SEASHELLS,4957,9
258400,SUBMISSION,Remy,STARFRUIT,SEASHELLS,4955,1
259300,SUBMISSION,Remy,AMETHYSTS,SEASHELLS,9999,1
259300,SUBMISSION,Remy,STARFRUIT,SEASHELLS,4955,1
259400,,SUBMISSION,AMETHYSTS,SEASHELLS,10002,3
259500,Remy,Valentina,STARFRUIT,SEASHELLS,4957,1
259800,SUBMISSION,,STARFRUIT,SEASHELLS,4951,7
259800,SUBMISSION,Adam,STARFRUIT,SEASHELLS,4951,2
260000,Remy,SUBMISSION,AMETHYSTS,SEASHELLS,10000,1
260200,SUBMISSION,Remy,AMETHYSTS,SEASHELLS,9999,1
260200,SUBMISSION,Remy,STARFRUIT,SEASHELLS,4953,1
260300,,SUBMISSION,AMETHYSTS,SEASHELLS,10002,1
260300,Remy,SUBMISSION,AMETHYSTS,SEASHELLS,10002,1
260300,SUBMISSION,Remy,STARFRUIT,SEASHELLS,4953,1
260600,Ruby,SUBMISSION,AMETHYSTS,SEASHELLS,10001,1
260600,SUBMISSION,Remy,STARFRUIT,SEASHELLS,4953,1
260800,SUBMISSION,,AMETHYSTS,SEASHELLS,9998,1
261000,Remy,SUBMISSION,STARFRUIT,SEASHELLS,4953,1
261200,Remy,SUBMISSION,AMETHYSTS,SEASHELLS,10000,1
261300,Remy,Ruby,AMETHYSTS,SEASHELLS,10002,1
261500,SUBMISSION,Remy,AMETHYSTS,SEASHELLS,9999,1
261500,SUBMISSION,Remy,STARFRUIT,SEASHELLS,4953,1
261600,Remy,Valentina,AMETHYSTS,SEASHELLS,10002,1
261700,Ruby,SUBMISSION,STARFRUIT,SEASHELLS,4955,6
261800,Remy,SUBMISSION,STARFRUIT,SEASHELLS,4955,1
261900,SUBMISSION,Remy,STARFRUIT,SEASHELLS,4954,1
262200,Remy,SUBMISSION,AMETHYSTS,SEASHELLS,10001,2
262200,Remy,SUBMISSION,STARFRUIT,SEASHELLS,4957,2
262400,Remy,SUBMISSION,AMETHYSTS,SEASHELLS,10000,1
262500,SUBMISSION,,AMETHYSTS,SEASHELLS,9998,2
262500,SUBMISSION,Rhianna,AMETHYSTS,SEASHELLS,9998,2
262800,,SUBMISSION,STARFRUIT,SEASHELLS,4959,7
262800,Adam,SUBMISSION,STARFRUIT,SEASHELLS,4959,3
262800,SUBMISSION,Remy,STARFRUIT,SEASHELLS,4957,1
262800,Adam,SUBMISSION,STARFRUIT,SEASHELLS,4959,4
262900,Amelia,Valentina,STARFRUIT,SEASHELLS,4961,13
262900,Remy,Valentina,STARFRUIT,SEASHELLS,4959,1
263700,SUBMISSION,Remy,STARFRUIT,SEASHELLS,4956,1
263800,Remy,SUBMISSION,AMETHYSTS,SEASHELLS,10000,1
264200,SUBMISSION,,STARFRUIT,SEASHELLS,4955,4
264500,SUBMISSION,,STARFRUIT,SEASHELLS,4956,2
264700,Valentina,SUBMISSION,AMETHYSTS,SEASHELLS,9998,1
264800,Remy,SUBMISSION,STARFRUIT,SEASHELLS,4957,1
265000,Valentina,SUBMISSION,AMETHYSTS,SEASHELLS,9998,1
265100,SUBMISSION,,STARFRUIT,SEASHELLS,4954,1
265500,Valentina,SUBMISSION,STARFRUIT,SEASHELLS,4955,4
265700,Remy,SUBMISSION,AMETHYSTS,SEASHELLS,10001,2
265700,Remy,SUBMISSION,STARFRUIT,SEASHELLS,4956,2
265900,Vinnie,Remy,AMETHYSTS,SEASHELLS,10000,1
265900,Remy,Remy,STARFRUIT,SEASHELLS,4958,1
266000,SUBMISSION,Rhianna,AMETHYSTS,SEASHELLS,9999,3
266000,SUBMISSION,Remy,STARFRUIT,SEASHELLS,4955,1
266300,SUBMISSION,,STARFRUIT,SEASHELLS,4953,1
266300,SUBMISSION,Remy,STARFRUIT,SEASHELLS,4953,1
266500,Remy,Valentina,STARFRUIT,SEASHELLS,4958,1
266700,Remy,Valentina,AMETHYSTS,SEASHELLS,10002,1
266800,Remy,SUBMISSION,AMETHYSTS,SEASHELLS,10001,1
266800,Remy,SUBMISSION,STARFRUIT,SEASHELLS,4957,1
267000,SUBMISSION,Ruby,STARFRUIT,SEASHELLS,4955,4
267000,Rhianna,Valentina,AMETHYSTS,SEASHELLS,10002,5
267000,Vladimir,Remy,STARFRUIT,SEASHELLS,4953,1
267000,Vladimir,Ruby,STARFRUIT,SEASHELLS,4954,4
267600,Remy,Valentina,AMETHYSTS,SEASHELLS,10002,1
268500,SUBMISSION,Amelia,STARFRUIT,SEASHELLS,4957,6
268500,Valentina,Amelia,STARFRUIT,SEASHELLS,4955,3
268800,Ruby,SUBMISSION,AMETHYSTS,SEASHELLS,10001,2
268800,SUBMISSION,,STARFRUIT,SEASHELLS,4957,4
268800,SUBMISSION,Rhianna,STARFRUIT,SEASHELLS,4957,4
269000,SUBMISSION,Remy,AMETHYSTS,SEASHELLS,9999,1
269000,SUBMISSION,Remy,AMETHYSTS,SEASHELLS,9999,1
269000,SUBMISSION,Remy,STARFRUIT,SEASHELLS,4957,2
269200,Adam,SUBMISSION,AMETHYSTS,SEASHELLS,10001,7
269200,SUBMISSION,Valentina,STARFRUIT,SEASHELLS,4959,2
269200,Remy,Valentina,STARFRUIT,SEASHELLS,4960,1
269200,Adam,Vladimir,AMETHYSTS,SEASHELLS,10002,1
269400,SUBMISSION,Ruby,AMETHYSTS,SEASHELLS,9999,4
269400,Valentina,Ruby,AMETHYSTS,SEASHELLS,9995,1
269700,SUBMISSION,,AMETHYSTS,SEASHELLS,9998,1
269700,SUBMISSION,Remy,AMETHYSTS,SEASHELLS,9998,1
269800,,SUBMISSION,STARFRUIT,SEASHELLS,4960,1
269800,Remy,SUBMISSION,STARFRUIT,SEASHELLS,4960,1
269800,Rhianna,Valentina,AMETHYSTS,SEASHELLS,10002,1
269800,Rhianna,Remy,AMETHYSTS,SEASHELLS,10002,2
269900,,SUBMISSION,STARFRUIT,SEASHELLS,4961,1
269900,Remy,SUBMISSION,STARFRUIT,SEASHELLS,4961,1
270100,Valentina,Remy,STARFRUIT,SEASHELLS,4956,1
270200,SUBMISSION,Remy,AMETHYSTS,SEASHELLS,9999,1
270300,SUBMISSION,Remy,STARFRUIT,SEASHELLS,4957,1
270400,Ruby,SUBMISSION,AMETHYSTS,SEASHELLS,10001,5
270600,Remy,SUBMISSION,STARFRUIT,SEASHELLS,4960,1
270700,Valentina,Remy,STARFRUIT,SEASHELLS,4957,1
270900,Remy,SUBMISSION,AMETHYSTS,SEASHELLS,10001,2
270900,Remy,SUBMISSION,STARFRUIT,SEASHELLS,4960,2
271100,,SUBMISSION,STARFRUIT,SEASHELLS,4962,1
271300,SUBMISSION,,AMETHYSTS,SEASHELLS,9998,10
271600,SUBMISSION,Remy,AMETHYSTS,SEASHELLS,9999,1
271700,,SUBMISSION,STARFRUIT,SEASHELLS,4961,3
271700,Adam,SUBMISSION,STARFRUIT,SEASHELLS,4961,4
271700,Adam,SUBMISSION,STARFRUIT,SEASHELLS,4961,3
271700,SUBMISSION,Remy,STARFRUIT,SEASHELLS,4959,1
271800,Ruby,SUBMISSION,AMETHYSTS,SEASHELLS,10001,2
272100,Remy,Valentina,STARFRUIT,SEASHELLS,4962,1
272200,SUBMISSION,Remy,STARFRUIT,SEASHELLS,4958,1
272300,Rhianna,Valentina,AMETHYSTS,SEASHELLS,10002,2
272700,SUBMISSION,,AMETHYSTS,SEASHELLS,9998,1
272700,SUBMISSION,Remy,AMETHYSTS,SEASHELLS,9998,1
272800,Ruby,SUBMISSION,AMETHYSTS,SEASHELLS,10001,1
272800,Remy,SUBMISSION,AMETHYSTS,SEASHELLS,10001,2
272800,Remy,SUBMISSION,STARFRUIT,SEASHELLS,4962,1
273400,SUBMISSION,Amelia,AMETHYSTS,SEASHELLS,9999,2
273400,SUBMISSION,Amelia,AMETHYSTS,SEASHELLS,9999,6
273700,,SUBMISSION,AMETHYSTS,SEASHELLS,10002,9
274200,Remy,SUBMISSION,STARFRUIT,SEASHELLS,4964,1
274800,SUBMISSION,,STARFRUIT,SEASHELLS,4960,9
274800,SUBMISSION,Adam,STARFRUIT,SEASHELLS,4960,1
274800,SUBMISSION,Adam,STARFRUIT,SEASHELLS,4960,7
274800,Valentina,Adam,STARFRUIT,SEASHELLS,4960,1
275000,,SUBMISSION,STARFRUIT,SEASHELLS,4964,1
275000,Remy,SUBMISSION,STARFRUIT,SEASHELLS,4964,1
275600,SUBMISSION,,AMETHYSTS,SEASHELLS,9998,1
275600,SUBMISSION,Remy,AMETHYSTS,SEASHELLS,9998,1
275700,SUBMISSION,,AMETHYSTS,SEASHELLS,9998,1
275800,SUBMISSION,,AMETHYSTS,SEASHELLS,9998,1
276500,SUBMISSION,,AMETHYSTS,SEASHELLS,9998,1
276500,SUBMISSION,Remy,AMETHYSTS,SEASHELLS,9998,1
276800,Rhianna,SUBMISSION,STARFRUIT,SEASHELLS,4964,4
276900,,SUBMISSION,AMETHYSTS,SEASHELLS,10002,1
276900,,SUBMISSION,STARFRUIT,SEASHELLS,4965,1
276900,Rhianna,SUBMISSION,STARFRUIT,SEASHELLS,4965,4
277000,SUBMISSION,Remy,AMETHYSTS,SEASHELLS,9999,2
277000,SUBMISSION,,STARFRUIT,SEASHELLS,4962,1
277000,SUBMISSION,Remy,STARFRUIT,SEASHELLS,4962,1
277000,SUBMISSION,Remy,STARFRUIT,SEASHELLS,4962,2
277800,Valentina,Rhianna,STARFRUIT,SEASHELLS,4962,5
278000,Valentina,SUBMISSION,STARFRUIT,SEASHELLS,4963,4
278100,SUBMISSION,,STARFRUIT,SEASHELLS,4961,1
278200,SUBMISSION,Remy,STARFRUIT,SEASHELLS,4962,1
278200,Valentina,Rhianna,AMETHYSTS,SEASHELLS,9998,3
278500,SUBMISSION,Amelia,AMETHYSTS,SEASHELLS,9998,1
279300,SUBMISSION,Remy,STARFRUIT,SEASHELLS,4961,1
279400,SUBMISSION,Amelia,AMETHYSTS,SEASHELLS,9998,2
279400,SUBMISSION,Remy,AMETHYSTS,SEASHELLS,9998,2
279400,SUBMISSION,Remy,STARFRUIT,SEASHELLS,4962,2
279900,SUBMISSION,Remy,AMETHYSTS,SEASHELLS,9999,1
279900,SUBMISSION,Remy,STARFRUIT,SEASHELLS,4962,2
280200,Vladimir,Rhianna,STARFRUIT,SEASHELLS,4960,2
280300,SUBMISSION,Remy,STARFRUIT,SEASHELLS,4961,1
280400,Remy,SUBMISSION,AMETHYSTS,SEASHELLS,10001,2
280400,SUBMISSION,Rhianna,STARFRUIT,SEASHELLS,4962,3
280400,Remy,SUBMISSION,STARFRUIT,SEASHELLS,4964,2
280500,,SUBMISSION,AMETHYSTS,SEASHELLS,10002,6
280900,SUBMISSION,Ruby,AMETHYSTS,SEASHELLS,10000,2
281000,,SUBMISSION,AMETHYSTS,SEASHELLS,10002,3
281100,,SUBMISSION,AMETHYSTS,SEASHELLS,10002,5
281100,Rhianna,SUBMISSION,AMETHYSTS,SEASHELLS,10002,5
282200,SUBMISSION,Remy,STARFRUIT,SEASHELLS,4963,1
282400,Rhianna,Vladimir,AMETHYSTS,SEASHELLS,10002,1
282500,SUBMISSION,Ruby,AMETHYSTS,SEASHELLS,9999,2
282600,Ruby,SUBMISSION,STARFRUIT,SEASHELLS,4965,5
282600,Ruby,Valentina,STARFRUIT,SEASHELLS,4968,8
282700,,SUBMISSION,STARFRUIT,SEASHELLS,4967,1
283100,SUBMISSION,Ruby,STARFRUIT,SEASHELLS,4963,6
283300,Remy,SUBMISSION,AMETHYSTS,SEASHELLS,10001,1
283300,Remy,SUBMISSION,AMETHYSTS,SEASHELLS,10001,1
283300,Remy,SUBMISSION,STARFRUIT,SEASHELLS,4965,2
283600,Remy,Valentina,AMETHYSTS,SEASHELLS,10002,1
283700,Valentina,SUBMISSION,AMETHYSTS,SEASHELLS,9998,1
284000,SUBMISSION,,AMETHYSTS,SEASHELLS,9998,1
284300,SUBMISSION,Remy,AMETHYSTS,SEASHELLS,9999,1
284500,SUBMISSION,Remy,AMETHYSTS,SEASHELLS,9998,2
284500,SUBMISSION,Remy,STARFRUIT,SEASHELLS,4962,2
284700,SUBMISSION,Remy,STARFRUIT,SEASHELLS,4961,1
285100,SUBMISSION,Remy,AMETHYSTS,SEASHELLS,9999,1
285100,SUBMISSION,Remy,STARFRUIT,SEASHELLS,4962,1
285200,,SUBMISSION,STARFRUIT,SEASHELLS,4966,1
